"Date","Type","Check #","Description","Withdrawal (-)","Deposit (+)","RunningBalance"
"Pending Transactions"
"Total Pending Check and other Credit(s)","","","","","$0.00",""
"03/28/2018","","","STARBUCKS STORE 06339 HIGHLANDS RAN CO US on 03/28/2018","$4.99","",""
"03/28/2018","","","PNS* MediCredit 0018008232318 MO US on 03/28/2018","$168.71","",""
"Posted Transactions"
"03/29/2018","VISA","","CORNER STORE 1159 LITTLETON","$10.94","","$2252.44"
"03/29/2018","ACH","","CAPITAL ONE ONLINE PMT 180328","$598.11","","$2263.38"
"03/29/2018","ACH","","PAYPAL INST XFER 180328~ Tran: ACHDW","$62.10","","$2861.49"
"03/29/2018","ACH","","PAYPAL INST XFER 180328~ Tran: ACHDW","$1.34","","$2923.59"
"03/28/2018","VISA","","TAMALE KITCHEN - 8HIGHLANDS RAN CO #000","$7.88","","$2924.93"
"03/28/2018","VISA","","KING SOOPERS #01 7901 S LITTLETON","$46.60","","$2932.81"
"03/28/2018","VISA","","WM SUPERCENTER # Wal-Ma HIGHLANDS RAN","$20.85","","$2979.41"
"03/28/2018","VISA","","CORNER STORE 1159 LITTLETON","$20.73","","$3000.26"
"03/28/2018","VISA","","KING SOOPERS #01 7901 S LITTLETON","$14.22","","$3020.99"
"03/27/2018","VISA","","CORNER STORE 1159 LITTLETON","$5.23","","$3035.21"
"03/26/2018","VISA","","KING SOOPERS #01 8055 S ARVADA","$18.23","","$3040.44"
"03/26/2018","VISA","","PANDA EXPRESS #545HIGHLANDS RAN CO #000","$20.90","","$3058.67"
"03/26/2018","VISA","","KING SOOPERS #0721ARVADA CO #0000001900","$5.50","","$3079.57"
"03/26/2018","VISA","","MCDONALD'S F10561 LITTLETON CO #0000001","$5.12","","$3085.07"
"03/26/2018","ACH","","EGGSTRODINARY RE PAYROLL ~ Tran: ACHDD","","$1107.13","$3090.19"
"03/25/2018","ATM","","LITTLETON FINAN 7870 WE DENVER","$33.75","","$1983.06"
"03/25/2018","ATM","","LITTLETON FINAN 7870 WE DENVER","$63.75","","$2016.81"
"03/25/2018","VISA","","KING SOOPERS #06 6370 S ARVADA","$29.00","","$2080.56"
"03/25/2018","VISA","","KING SOOPERS #01 8055 S ARVADA","$4.26","","$2109.56"
"03/24/2018","VISA","","SHELL Service Station ARVADA","$5.15","","$2113.82"
"03/23/2018","ATM","","LITTLETON 7870 WEST QUI DENVER","$28.75","","$2118.97"
"03/23/2018","VISA","","ARBY'S 8491       LITTLETON CO #0000001","$8.77","","$2147.72"
"03/23/2018","VISA","","KING NOODLE - ROUNROUND ROCK TX #000000","$12.20","","$2156.49"
"03/23/2018","VISA","","COLUMBINE ANIMAL HLITTLETON CO #0000001","$38.27","","$2168.69"
"03/23/2018","VISA","","WENDYS #1660      LITTLETON CO #0000001","$8.45","","$2206.96"
"03/22/2018","VISA","","CORNER STORE 1159 LITTLETON","$13.03","","$2215.41"
"03/22/2018","VISA","","LOAF N JUG # 0809 LITTLETON CO #0000001","$25.50","","$2228.44"
"03/22/2018","VISA","","CORNER STORE 1159 HIGHLANDS RAN CO #000","$10.94","","$2253.94"
"03/22/2018","ACH","","AT&T MOBILITY ONLINE PMT 180322","$249.53","","$2264.88"
"03/21/2018","ATM","","LITTLETON QUINC 7870 WE DENVER","$8.75","","$2514.41"
"03/21/2018","VISA","","WALGREENS STORE 7443 W LITTLETON","$24.64","","$2523.16"
"03/21/2018","VISA","","MCDONALD'S F10561 LITTLETON CO #0000001","$7.93","","$2547.80"
"03/21/2018","VISA","","PROTONMAIL        41225483451    #00000","$5.00","","$2555.73"
"03/21/2018","VISA","","CHICK-FIL-A #03183LITTLETON CO #0000001","$8.38","","$2560.73"
"03/21/2018","VISA","","STATE FARM INSURAN800-956-6310 IL #0000","$158.58","","$2569.11"
"03/20/2018","VISA","","GOOGLE *Google Sto855-836-3987 CA #0000","$1.99","","$2727.69"
"03/20/2018","ACH","","PAYPAL INST XFER 180319","$125.96","","$2729.68"
"03/20/2018","ACH","","PAYPAL INST XFER 180319","$2.68","","$2855.64"
"03/19/2018","VISA","","KING SOOPERS #01 8055 S ARVADA","$20.50","","$2858.32"
"03/19/2018","VISA","","STARBUCKS         800-782-7282 WA #0000","$10.00","","$2878.82"
"03/18/2018","ATM","","LITTLETON QUINC 7870 WE DENVER","$48.75","","$2888.82"
"03/18/2018","VISA","","SHELL Service Station ARVADA","$30.15","","$2937.57"
"03/17/2018","VISA","","BURGER KING #5870 ARVADA CO #0000001900","$8.19","","$2967.72"
"03/17/2018","VISA","","CORNER STORE 1159 LITTLETON","$5.73","","$2975.91"
"03/16/2018","VISA","","BUFFALO WILD WINGSLAKEWOOD CO #00000019","$32.05","","$2981.64"
"03/16/2018","VISA","","CORNER STORE 1159 LITTLETON","$5.73","","$3013.69"
"03/16/2018","ACH","","SECURITY SVC FCU ONLINE PMT 180316","$555.89","","$3019.42"
"03/15/2018","VISA","","STARBUCKS         800-782-7282 WA #0000","$25.00","","$3575.31"
"03/15/2018","VISA","","CORNER STORE 1159 LITTLETON","$30.00","","$3600.31"
"03/15/2018","ACH","","LODE DATA CORPOR PAYROLL ~ Tran: ACHDD","","$1568.26","$3630.31"
"03/14/2018","ATM","","LITTLETON QUINC 7870 WE DENVER","$73.75","","$2062.05"
"03/14/2018","VISA","","KING SOOPERS #01 7901 S LITTLETON","$139.52","","$2135.80"
"03/14/2018","VISA","","WM SUPERCENTER # Wal-Ma HIGHLANDS RAN","$21.74","","$2275.32"
"03/13/2018","VISA","","KING SOOPERS #01 7901 S LITTLETON","$7.50","","$2297.06"
"03/13/2018","VISA","","MCDONALD'S F21390 LONETREE CO #00000019","$7.89","","$2304.56"
"03/13/2018","VISA","","FIREHOUSE SUBS #50LITTLETON CO #0000001","$19.18","","$2312.45"
"03/13/2018","VISA","","TST* TASTE OF PHILHGHLNDS RANCH CO #000","$11.63","","$2331.63"
"03/13/2018","VISA","","UNITED PACIFIC 6 9215 E LONE TREE","$4.57","","$2343.26"
"03/13/2018","ACH","","CAPITAL ONE ONLINE PMT 180312","$1338.77","","$2347.83"
"03/13/2018","ACH","","PAYPAL INST XFER 180312","$26.03","","$3686.60"
"03/12/2018","VISA","","MCDONALD'S F6389  LITTLETON CO #0000001","$5.57","","$3712.63"
"03/12/2018","VISA","","SANTA FE SPIRITS  LITTLETON CO #0000001","$35.40","","$3718.20"
"03/12/2018","VISA","","BUBBA'S 33 #2621  AURORA CO #0000001900","$17.74","","$3753.60"
"03/12/2018","ACH","","EGGSTRODINARY RE PAYROLL ~ Tran: ACHDD","","$1107.12","$3771.34"
"03/11/2018","VISA","","KING SOOPERS #01 7901 S LITTLETON","$95.00","","$2664.22"
"03/11/2018","VISA","","KING SOOPERS #01 8055 S ARVADA","$7.38","","$2759.22"
"03/11/2018","VISA","","MCDONALD'S F18783 HIGHLANDS RAN CO #000","$6.49","","$2766.60"
"03/11/2018","VISA","","BUFFALO WILD WINGSLAKEWOOD CO #00000019","$50.01","","$2773.09"
"03/11/2018","VISA","","TACO BELL PH 4078 LITTLETON CO #0000001","$11.22","","$2823.10"
"03/11/2018","VISA","","KING SOOPERS #00 6350 S ARVADA","$5.51","","$2834.32"
"03/11/2018","VISA","","CORNER STORE 1159 LITTLETON","$10.94","","$2839.83"
"03/10/2018","VISA","","REI #50 LAKEWOOD LAKEWOOD","$7.47","","$2850.77"
"03/10/2018","VISA","","SAMS CLUB #6634 SAM'S C LITTLETON(SE)","$59.28","","$2858.24"
"03/10/2018","VISA","","PANDA EXPRESS #151LONE TREE CO #0000001","$7.90","","$2917.52"
"03/10/2018","VISA","","MCDONALD'S F18783 HIGHLANDS RAN CO #000","$5.03","","$2925.42"
"03/10/2018","VISA","","TAMALE KITCHEN - LLITTLETON CO #0000001","$15.77","","$2930.45"
"03/10/2018","VISA","","SHELL Service Station ARVADA","$11.09","","$2946.22"
"03/10/2018","VISA","","KING SOOPERS #06 6370 S ARVADA","$22.00","","$2957.31"
"03/09/2018","VISA","","BONOS PIT BARBQ   CENTENNIAL CO #000000","$42.12","","$2979.31"
"03/09/2018","VISA","","KING SOOPERS #01 7901 S LITTLETON","$23.96","","$3021.43"
"03/09/2018","ACH","","COMCAST ONLINE PMT 180309","$140.86","","$3045.39"
"03/08/2018","VISA","","PANERA BREAD #2030LONE TREE CO #0000001","$9.97","","$3186.25"
"03/08/2018","VISA","","CHILI'S JEFFERSON LITTLETON CO #0000001","$54.00","","$3196.22"
"03/08/2018","VISA","","CHICK-FIL-A #03183LITTLETON CO #0000001","$16.29","","$3250.22"
"03/08/2018","VISA","","KING SOOPERS #00 8126 W LITTLETON","$8.93","","$3266.51"
"03/08/2018","VISA","","SHELL Service Station LITTLETON","$5.15","","$3275.44"
"03/07/2018","VISA","","CORNER STORE 1159 LITTLETON","$30.23","","$3280.59"
"03/07/2018","ACH","","XCEL ENERGY-PSCO ONLINE PMT 180307","$100.97","","$3310.82"
"03/07/2018","ACH","","JPMorgan Chase Ext Trnsfr 180307~ Tran: ","","$555.00","$3411.79"
"03/06/2018","VISA","","SHELL Service Station ARVADA","$8.40","","$2856.79"
"03/06/2018","ACH","","PAYPAL ECHECK 180305","$44.00","","$2865.19"
"03/05/2018","VISA","","KING SOOPERS #01 7901 S LITTLETON","$7.14","","$2909.19"
"03/05/2018","VISA","","THE SUNSET GRILLE CENTENNIAL CO #000000","$36.35","","$2916.33"
"03/05/2018","VISA","","DAVIDSONS LIQUOR HIGHLANDS RAN CO #000","$36.20","","$2952.68"
"03/05/2018","VISA","","DOMINO'S 6356     303-449-7101 CO #0000","$36.19","","$2988.88"
"03/05/2018","VISA","","CORNER STORE 1159 LITTLETON","$10.94","","$3025.07"
"03/04/2018","VISA","","MCDONALD'S F19476 LITTLETON CO #0000001","$6.92","","$3036.01"
"03/04/2018","VISA","","CORNER STORE 1159 LITTLETON","$7.82","","$3042.93"
"03/03/2018","VISA","","CORNER STORE 1159 LITTLETON","$26.00","","$3050.75"
"03/03/2018","VISA","","PARRY`S PIZZA III HIGHLANDS RAN CO #000","$58.27","","$3076.75"
"03/03/2018","VISA","","GREEN WASH INC    LITTLETON CO #0000001","$4.75","","$3135.02"
"03/03/2018","VISA","","GREEN WASH INC    LITTLETON CO #0000001","$11.00","","$3139.77"
"03/03/2018","VISA","","TSE JENNYSMARKET 10038 LITTLETON","$8.35","","$3150.77"
"03/03/2018","VISA","","CORNER STORE 1159 LITTLETON","$5.73","","$3159.12"
"03/02/2018","VISA","","AMAZON.COM AMZN.COAMZN.COM/BILL WA #000","$16.79","","$3164.85"
"03/02/2018","VISA","","TAMALE KITCHEN - LLITTLETON CO #0000001","$13.40","","$3181.64"
"03/02/2018","ATM","","LITTLETON QUINC 7870 WE DENVER","$148.75","","$3195.04"
"03/02/2018","VISA","","UNITED PACIFIC 6 9215 E LONE TREE","$26.57","","$3343.79"
"03/02/2018","ACH","","WELLS FARGO MTG ONLINE PMT 180302","$2300.00","","$3370.36"
"03/02/2018","ACH","","121 FCU ONLINE PMT 180302","$150.00","","$5670.36"
"03/02/2018","ACH","","CARE CREDIT ONLINE PMT 180302","$120.00","","$5820.36"
"03/01/2018","VISA","","WAL-MART #1252 6675 BUS HIGHLANDS RAN","$22.34","","$5940.36"
"03/01/2018","VISA","","KING SOOPERS #0721ARVADA CO #0000001900","$5.50","","$5962.70"
"03/01/2018","VISA","","CHICK-FIL-A #03183LITTLETON CO #0000001","$16.29","","$5968.20"
"02/28/2018","INTADJUST","","Interest Paid","","$0.51","$5984.49"
"02/28/2018","ATMREBATE","","ATM Fee Rebate","","$31.75","$5983.98"
"02/28/2018","VISA","","LOAF N JUG # 080 8080 S LITTLETON","$42.46","","$5952.23"
"02/28/2018","VISA","","KING SOOPERS #01 7901 S LITTLETON","$15.53","","$5994.69"
"02/28/2018","VISA","","KING SOOPERS #01 7901 S LITTLETON","$14.07","","$6010.22"
"02/28/2018","ATM","","LITTLETON 7870 WEST QUI DENVER","$38.75","","$6024.29"
"02/28/2018","VISA","","USPS KIOSK 07558 9609 S LITTLETON","$1.21","","$6063.04"
"02/28/2018","VISA","","USPS KIOSK 07558 9609 S LITTLETON","$1.21","","$6064.25"
"02/28/2018","VISA","","WENDYS #1660      LITTLETON CO #0000001","$7.82","","$6065.46"
"02/28/2018","ACH","","LODE DATA CORPOR PAYROLL ~ Tran: ACHDD","","$1568.27","$6073.28"
"02/27/2018","VISA","","TMG049 DENVER CO GREENWOOD VIL CO #000","$83.71","","$4505.01"
"02/27/2018","VISA","","BAD DADDY'S BURGERGREENWOOD VIL CO #000","$51.67","","$4588.72"
"02/27/2018","VISA","","CORNER STORE 1159 LITTLETON","$10.94","","$4640.39"
"02/27/2018","ACH","","CAPITAL ONE ONLINE PMT 180225","$2963.98","","$4651.33"
"02/26/2018","VISA","","WAL-MART #3824 7155 SHE WESTMINSTER","$38.29","","$7615.31"
"02/26/2018","VISA","","USPS KIOSK 07558 9609 S LITTLETON","$7.25","","$7653.60"
"02/26/2018","VISA","","KING SOOPERS #01 5673S. HIGHLANDS RAN","$23.11","","$7660.85"
"02/26/2018","VISA","","AMAZON MKTPLACE PMAMZN.COM/BILL WA #000","$19.99","","$7683.96"
"02/26/2018","VISA","","MCDONALD'S F10561 LITTLETON CO #0000001","$12.42","","$7703.95"
"02/26/2018","VISA","","CORNER STORE 1159 LITTLETON","$33.00","","$7716.37"
"02/26/2018","ACH","","EGGSTRODINARY RE PAYROLL ~ Tran: ACHDD","","$1107.12","$7749.37"
"02/25/2018","VISA","","KING SOOPERS #0721ARVADA CO #0000001900","$7.43","","$6642.25"
"02/25/2018","VISA","","QDOBA 2094        HIGHLANDS RAN CO #000","$10.45","","$6649.68"
"02/25/2018","VISA","","SHELL Service Station ARVADA","$8.40","","$6660.13"
"02/25/2018","VISA","","KING SOOPERS #01 7901 S LITTLETON","$22.29","","$6668.53"
"02/24/2018","VISA","","KING SOOPERS #01 8055 S ARVADA","$25.97","","$6690.82"
"02/24/2018","VISA","","KING SOOPERS #0603ARVADA CO #0000001900","$30.50","","$6716.79"
"02/24/2018","VISA","","CHICK-FIL-A #03183LITTLETON CO #0000001","$16.29","","$6747.29"
"02/24/2018","VISA","","STARBUCKS         800-782-7282 WA #0000","$25.00","","$6763.58"
"02/23/2018","VISA","","BUFFALO WILD WINGSLAKEWOOD CO #00000019","$85.56","","$6788.58"
"02/23/2018","VISA","","TG JACKSONVILLE 03JACKSONVILLE FL #0000","","$5.35","$6874.14"
"02/23/2018","VISA","","CORNER STORE 1159 LITTLETON","$5.73","","$6868.79"
"02/23/2018","ACH","","JPMorgan Chase Ext Trnsfr 180223~ Tran: ","","$615.00","$6874.52"
"02/23/2018","VISA","","SAFEWAY STORE     2791 Littleton","$31.67","","$6259.52"
"02/22/2018","ATM","","LITTLETON QUINC 7870 WE DENVER","$63.75","","$6291.19"
"02/22/2018","VISA","","CHATFIELD WINE & SLITTLETON CO #0000001","$7.10","","$6354.94"
"02/22/2018","VISA","","E 470 EXPRESS TOLL303-5373470 CO #00000","$30.70","","$6362.04"
"02/22/2018","VISA","","HERTZ RENT-A-CAR  JACKSONVILLE FL #0000","$55.83","","$6392.74"
"02/22/2018","VISA","","NUTS ON CLARK - OHCHICAGO IL #000000190","$16.65","","$6448.57"
"02/22/2018","VISA","","STARBUCKS C JAX   JACKSONVILLE FL #0000","$9.98","","$6465.22"
"02/22/2018","VISA","","UA INFLT    016292HOUSTON TX #000000190","$7.98","","$6475.20"
"02/22/2018","VISA","","UA INFLT    016292HOUSTON TX #000000190","$7.99","","$6483.18"
"02/22/2018","VISA","","DIA PARKING OPERATDENVER CO #0000001900","$104.00","","$6491.17"
"02/22/2018","VISA","","BILLY GOAT ORD    CHICAGO IL #000000190","$20.77","","$6595.17"
"02/22/2018","VISA","","CORNER STORE 1159 LITTLETON","$7.62","","$6615.94"
"02/22/2018","ACH","","AT&T MOBILITY ONLINE PMT 180222","$249.56","","$6623.56"
"02/21/2018","VISA","","BURGER KING #9942 JACKSONVILLE FL #0000","$7.57","","$6873.12"
"02/21/2018","VISA","","PROTONMAIL        41225483451    #00000","$5.00","","$6880.69"
"02/21/2018","VISA","","STATE FARM INSURAN800-956-6310 IL #0000","$158.58","","$6885.69"
"02/21/2018","VISA","","CORNER STORE 1159 LITTLETON","$31.00","","$7044.27"
"02/20/2018","VISA","","GOOGLE *Google Sto855-836-3987 CA #0000","$1.99","","$7075.27"
"02/20/2018","VISA","","TG JACKSONVILLE 03JACKSONVILLE FL #0000","$5.35","","$7077.26"
"02/20/2018","VISA","","STARBUCKS STORE 08ORANGE PARK FL #00000","$9.74","","$7082.61"
"02/20/2018","VISA","","LAKE ASBURY FOOD MART GREEN COVE SP","$5.98","","$7092.35"
"02/19/2018","VISA","","RACETRAC585 GRN CV SPRNG","$16.99","","$7098.33"
"02/19/2018","VISA","","TG JACKSONVILLE 03JACKSONVILLE FL #0000","$53.87","","$7115.32"
"02/19/2018","VISA","","SHELL Service Station GREEN COVE SP","$12.19","","$7169.19"
"02/18/2018","VISA","","LARRYS GIANT SUBS ORANGE PARK FL #00000","$19.22","","$7181.38"
"02/18/2018","VISA","","RACETRAC585 GRN CV SPRNG","$20.01","","$7200.60"
"02/17/2018","VISA","","LYFT   *RIDE FRI 58552800278 CA #000000","$25.70","","$7220.61"
"02/17/2018","VISA","","BREWER'S PIZZA    ORANGE PARK FL #00000","$201.52","","$7246.31"
"02/17/2018","ATM","","Shannon Lake En 3133 Hi Middleburg","$202.50","","$7447.83"
"02/16/2018","VISA","","LA NOPALERA MEXICAFLEMING ISLAN FL #000","$43.39","","$7650.33"
"02/16/2018","VISA","","SALINA NAILS      FLEMING ISLAN FL #000","$34.00","","$7693.72"
"02/16/2018","VISA","","LAKE ASBURY FOOD MART GREEN COVE SP","$11.96","","$7727.72"
"02/16/2018","ACH","","SECURITY SVC FCU ONLINE PMT 180216","$555.89","","$7739.68"
"02/16/2018","ACH","","CARE CREDIT ONLINE PMT 180216","$40.00","","$8295.57"
"02/15/2018","VISA","","WINN-DIXIE   #01 2851 H GREEN COVE SP","$14.01","","$8335.57"
"02/15/2018","VISA","","HERTZ RENT-A-CAR  HERTZ PPAY OK #000000","$176.06","","$8349.58"
"02/15/2018","VISA","","AUS 3180B AUSTIN AAUSTIN TX #0000001900","$15.16","","$8525.64"
"02/15/2018","VISA","","ELWAYS            GREENWOOD VIL CO #000","$92.30","","$8540.80"
"02/15/2018","VISA","","UA INFLT    016292HOUSTON TX #000000190","$7.99","","$8633.10"
"02/15/2018","VISA","","WENDY'S #11956-515HOUSTON TX #000000190","$18.07","","$8641.09"
"02/15/2018","VISA","","STARBUCKS TERM B/CHOUSTON TX #000000190","$4.11","","$8659.16"
"02/15/2018","VISA","","QDOBA 2604        LONE TREE CO #0000001","$8.60","","$8663.27"
"02/15/2018","VISA","","JAMBA JUICE       GREENWOOD VIL CO #000","$6.40","","$8671.87"
"02/15/2018","VISA","","CARIBOU COFFEE    GREENWOOD VIL CO #000","$4.48","","$8678.27"
"02/15/2018","ACH","","LODE DATA CORPOR PAYROLL ~ Tran: ACHDD","","$1946.02","$8682.75"
"02/15/2018","VISA","","WAL-MART #3308 1580 BRA MIDDLEBURG","$3.13","","$6736.73"
"02/14/2018","VISA","","WINN-DIXIE-LIQUO 2851 H GREEN COVE SP","$33.05","","$6739.86"
"02/14/2018","VISA","","CHEVRON/BLANDING CHEVRO ORANGE PARK","$11.97","","$6772.91"
"02/14/2018","VISA","","KRAKEN ABYSS VAPORLITTLETON CO #0000001","$72.00","","$6784.88"
"02/14/2018","VISA","","STARBUCKS STORE 17ENGLEWOOD CO #0000001","$4.04","","$6856.88"
"02/14/2018","VISA","","FLOYDS 99 BARBERSHLITTLETON CO #0000001","$30.00","","$6860.92"
"02/14/2018","ATM","","VYSTAR CU 2620 BLANDING MIDDLEBURG","$43.00","","$6890.92"
"02/14/2018","VISA","","CIRCLE K # 26299 JACKSONVILLE","$16.03","","$6933.92"
"02/14/2018","ACH","","TAX PRODUCTS PE3 SBTPG LLC 180213~ Tran:","","$4572.03","$6949.95"
"02/13/2018","VISA","","MCDONALD'S F10561 LITTLETON CO #0000001","$7.93","","$2377.92"
"02/13/2018","VISA","","STARBUCKS STORE 10LITTLETON CO #0000001","$3.94","","$2385.85"
"02/12/2018","ATM","","LITTLETON QUINC 7870 WE DENVER","$18.75","","$2389.79"
"02/12/2018","ATM","","VECTRA-LONE TR 9990 COM LONE TREE","$80.00","","$2408.54"
"02/12/2018","VISA","","ARBY'S 8491       LITTLETON CO #0000001","$17.55","","$2488.54"
"02/12/2018","VISA","","TAMALE KITCHEN - LLITTLETON CO #0000001","$7.88","","$2506.09"
"02/12/2018","VISA","","BUFFALO WILD WINGSLAKEWOOD CO #00000019","$50.01","","$2513.97"
"02/12/2018","VISA","","COLUMBINE ANIMAL HLITTLETON CO #0000001","$38.27","","$2563.98"
"02/12/2018","VISA","","CORNER STORE 1159 LITTLETON","$10.94","","$2602.25"
"02/12/2018","ACH","","EGGSTRODINARY RE PAYROLL ~ Tran: ACHDD","","$1107.13","$2613.19"
"02/12/2018","ACH","","EGGSTRODINARY RE PAYROLL ~ Tran: ACHDD","","$631.05","$1506.06"
"02/11/2018","VISA","","CONOCO - UNITED PADENVER CO #0000001900","$29.56","","$875.01"
"02/11/2018","VISA","","CORNER STORE 1159 LITTLETON","$30.73","","$904.57"
"02/11/2018","ATM","","LITTLETON FINAN 7870 WE DENVER","$128.75","","$935.30"
"02/10/2018","VISA","","KING SOOPERS #0721ARVADA CO #0000001900","$5.50","","$1064.05"
"02/10/2018","VISA","","CHICK-FIL-A #03183LITTLETON CO #0000001","$8.38","","$1069.55"
"02/09/2018","VISA","","KING SOOPERS #01 7901 S LITTLETON","$7.69","","$1077.93"
"02/09/2018","VISA","","PANDA EXPRESS #545HIGHLANDS RAN CO #000","$13.60","","$1085.62"
"02/09/2018","VISA","","STARBUCKS STORE 06HIGHLANDS RAN CO #000","$4.88","","$1099.22"
"02/09/2018","ACH","","COMCAST ONLINE PMT 180209","$140.86","","$1104.10"
"02/09/2018","ACH","","XCEL ENERGY-PSCO ONLINE PMT 180209","$137.79","","$1244.96"
"02/08/2018","VISA","","CORNER STORE 1159 LITTLETON","$5.73","","$1382.75"
"02/08/2018","VISA","","TAMALE KITCHEN - 8HIGHLANDS RAN CO #000","$7.88","","$1388.48"
"02/08/2018","ACH","","CO DEPT REVENUE COSTTAXRFD 180202~ Tran:","","$858.00","$1396.36"
"02/07/2018","VISA","","KING SOOPERS #01 7901 S LITTLETON","$21.85","","$538.36"
"02/07/2018","ATM","","LITTLETON QUINC 7870 WE DENVER","$43.75","","$560.21"
"02/07/2018","VISA","","LOAF N JUG # 080 8080 S LITTLETON","$39.46","","$603.96"
"02/07/2018","VISA","","MCDONALD'S F10561 LITTLETON CO #0000001","$7.93","","$643.42"
"02/07/2018","VISA","","PAW PRINTS        HIGHLANDS RAN CO #000","$27.29","","$651.35"
"02/06/2018","ACH","","PAYPAL ECHECK 180205~ Tran: ACHDW","$44.00","","$678.64"
"02/06/2018","ACH","","JPMorgan Chase Ext Trnsfr 180206~ Tran: ","","$555.00","$722.64"
"02/05/2018","VISA","","KING SOOPERS #01 8055 S ARVADA","$26.93","","$167.64"
"02/05/2018","VISA","","MCDONALD'S F18083 HIGHLANDS RAN CO #000","$3.15","","$194.57"
"02/05/2018","VISA","","ADVANCE LIQUORS   LITTLETON CO #0000001","$7.50","","$197.72"
"02/05/2018","VISA","","STARBUCKS STORE 05HIGHLANDS RAN CO #000","$3.94","","$205.22"
"02/05/2018","ACH","","WELLS FARGO MTG ONLINE PMT 180205","$2300.00","","$209.16"
"02/05/2018","ACH","","CAPITAL ONE ONLINE PMT 180202","$100.00","","$2509.16"
"02/05/2018","ATM","","LITTLETON QUINC 7870 WE DENVER","$8.75","","$2609.16"
"02/05/2018","VISA","","KING SOOPERS #00 6350 S ARVADA","$45.50","","$2617.91"
"02/04/2018","VISA","","FIREHOUSE SUBS #50LITTLETON CO #0000001","$27.68","","$2663.41"
"02/04/2018","VISA","","OC HIGHLANDS RANCHHIGHLANDS RAN CO #000","$66.31","","$2691.09"
"02/04/2018","VISA","","KING SOOPERS 7901 S. BR LITTLETON","$12.14","","$2757.40"
"02/04/2018","VISA","","LOAF N JUG # 080 8080 S LITTLETON","$30.46","","$2769.54"
"02/03/2018","VISA","","PRO DISPOSAL & REC303-791-3827 CO #0000","$163.80","","$2800.00"
"02/03/2018","VISA","","MCDONALD'S F18783 HIGHLANDS RAN CO #000","$5.03","","$2963.80"
"02/03/2018","VISA","","CHICK-FIL-A #03183LITTLETON CO #0000001","$7.91","","$2968.83"
"02/03/2018","VISA","","STARBUCKS STORE 10LITTLETON CO #0000001","$9.87","","$2976.74"
"02/03/2018","VISA","","CORNER STORE 1159 LITTLETON","$5.23","","$2986.61"
"02/02/2018","ATM","","LITTLETON QUINC 7870 WE DENVER","$28.75","","$2991.84"
"02/02/2018","VISA","","FOOTHILLS PARK & R303-409-2100 CO #0000","$60.00","","$3020.59"
"02/02/2018","VISA","","MCDONALD'S F10561 LITTLETON CO #0000001","$7.28","","$3080.59"
"02/02/2018","VISA","","TAMALE KITCHEN - LLITTLETON CO #0000001","$13.40","","$3087.87"
"02/02/2018","VISA","","PARRY`S PIZZA III HIGHLANDS RAN CO #000","$57.72","","$3101.27"
"02/02/2018","VISA","","SHELL Service Station ARVADA","$8.40","","$3158.99"
"02/02/2018","ACH","","121 FCU ONLINE PMT 180202","$150.00","","$3167.39"
"02/01/2018","VISA","","MCDONALD'S F18783 HIGHLANDS RAN CO #000","$5.03","","$3317.39"
"02/01/2018","VISA","","CORNER STORE 1159 LITTLETON","$28.72","","$3322.42"
"02/01/2018","VISA","","VILLAGE CENTER LIQUORS HIGHLANDS RAN","$8.92","","$3351.14"
"01/31/2018","INTADJUST","","Interest Paid","","$0.24","$3360.06"
"01/31/2018","ATMREBATE","","ATM Fee Rebate","","$43.00","$3359.82"
"01/31/2018","VISA","","KING SOOPERS 7901 S. BR LITTLETON","$5.50","","$3316.82"
"01/31/2018","VISA","","NONOS CAFE        HGHLNDS RANCH CO #000","$50.42","","$3322.32"
"01/31/2018","VISA","","COLDSTONE #722    HGHLNDS RANCH CO #000","$12.78","","$3372.74"
"01/31/2018","ACH","","LODE DATA CORPOR PAYROLL ~ Tran: ACHDD","","$1564.42","$3385.52"
"01/30/2018","VISA","","MCDONALD'S F18783 HIGHLANDS RAN CO #000","$3.15","","$1821.10"
"01/30/2018","VISA","","E 470 EXPRESS TOLL303-5373470 CO #00000","$36.35","","$1824.25"
"01/30/2018","VISA","","STARBUCKS STORE 06HIGHLANDS RAN CO #000","$3.94","","$1860.60"
"01/30/2018","VISA","","USPS KIOSK 07558 9609 S LITTLETON","$7.25","","$1864.54"
"01/30/2018","VISA","","KING SOOPERS #00 9551 U HIGHLANDS RAN","$10.65","","$1871.79"
"01/30/2018","VISA","","SHELL Service Station ARVADA","$5.15","","$1882.44"
"01/29/2018","VISA","","ARBY'S 8491       LITTLETON CO #0000001","$5.55","","$1887.59"
"01/29/2018","VISA","","TAMALE KITCHEN - 8HIGHLANDS RAN CO #000","$7.36","","$1893.14"
"01/29/2018","VISA","","THE SUNSET GRILLE CENTENNIAL CO #000000","$40.95","","$1900.50"
"01/29/2018","VISA","","CORNER STORE 1159 LITTLETON","$29.73","","$1941.45"
"01/29/2018","ACH","","EGGSTRODINARY RE PAYROLL ~ Tran: ACHDD","","$1107.12","$1971.18"
"01/28/2018","VISA","","WM SUPERCENTER # Wal-Ma HIGHLANDS RAN","$15.72","","$864.06"
"01/28/2018","VISA","","SHERIDANS LIQUOR  ARVADA CO #0000001900","$34.54","","$879.78"
"01/28/2018","VISA","","KING SOOPERS 7901 S. BR LITTLETON","$7.18","","$914.32"
"01/27/2018","ATM","","LITTLETON QUINC 7870 WE DENVER","$68.75","","$921.50"
"01/27/2018","VISA","","SHELL Service Station ARVADA","$7.30","","$990.25"
"01/27/2018","VISA","","KING SOOPERS #01 7901 S LITTLETON","$10.47","","$997.55"
"01/26/2018","VISA","","KING SOOPERS 8055 SHERI ARVADA","$62.84","","$1008.02"
"01/26/2018","ATM","","TNSSMART 2117 AUBURN WA AUBURN","$103.00","","$1070.86"
"01/26/2018","ATM","","TNSSMART 2117 AUBURN WA AUBURN","$103.00","","$1173.86"
"01/26/2018","ATM","","TNSSMART 2117 AUBURN WA AUBURN","$203.00","","$1276.86"
"01/26/2018","ATM","","LITTLETON QUINC 7870 WE DENVER","$28.75","","$1479.86"
"01/25/2018","VISA","","CORNER STORE 1159 LITTLETON","$30.94","","$1508.61"
"01/25/2018","VISA","","WM SUPERCENTER # Wal-Ma FEDERAL WAY","$14.12","","$1539.55"
"01/24/2018","VISA","","KING SOOPERS #01 7901 S LITTLETON","$34.29","","$1553.67"
"01/23/2018","VISA","","MCDONALD'S F18083 HIGHLANDS RAN CO #000","$8.70","","$1587.96"
"01/23/2018","VISA","","KING SOOPERS #0721ARVADA CO #0000001900","$30.00","","$1596.66"
"01/23/2018","VISA","","DSW.              866-3797463 OH #00000","$20.98","","$1626.66"
"01/22/2018","VISA","","TARGET T-2716 1265 Sgt Highlands Ran","$31.43","","$1647.64"
"01/22/2018","VISA","","PARRY`S PIZZA III HIGHLANDS RAN CO #000","$24.04","","$1679.07"
"01/22/2018","VISA","","MCDONALD'S F10561 LITTLETON CO #0000001","$14.03","","$1703.11"
"01/22/2018","ACH","","AT&T MOBILITY ONLINE PMT 180122","$249.56","","$1717.14"
"01/21/2018","VISA","","PROTONMAIL        41225483451    #00000","$5.00","","$1966.70"
"01/21/2018","VISA","","MCDONALD'S F10561 LITTLETON CO #0000001","$7.28","","$1971.70"
"01/21/2018","VISA","","PROM DISCOUNT LIQUHGHLNDS RANCH CO #000","$25.18","","$1978.98"
"01/20/2018","VISA","","WALGREENS STORE 9141 S HIGHLANDS RAN","$33.77","","$2004.16"
"01/20/2018","VISA","","CONOCO - UNITED PAHIGHLANDS RAN CO #000","$28.34","","$2037.93"
"01/20/2018","VISA","","GOOGLE *Google Sto855-836-3987 CA #0000","$1.99","","$2066.27"
"01/20/2018","VISA","","BUFFALO WILD WINGSLAKEWOOD CO #00000019","$57.26","","$2068.26"
"01/20/2018","VISA","","STARBUCKS STORE 06HIGHLANDS RAN CO #000","$13.18","","$2125.52"
"01/20/2018","VISA","","KING SOOPERS 6350 SHERI ARVADA","$11.50","","$2138.70"
"01/20/2018","VISA","","CORNER STORE 1159 LITTLETON","$10.94","","$2150.20"
"01/19/2018","DEPOSIT","","Deposit Mobile Banking","","$100.00","$2161.14"
"01/19/2018","VISA","","TAMALE KITCHEN - 8HIGHLANDS RAN CO #000","$6.78","","$2061.14"
"01/19/2018","VISA","","STATE FARM INSURAN800-956-6310 IL #0000","$158.58","","$2067.92"
"01/19/2018","VISA","","WENDYS #1660      LITTLETON CO #0000001","$9.41","","$2226.50"
"01/19/2018","VISA","","KING SOOPERS 8055 SHERI ARVADA","$7.95","","$2235.91"
"01/19/2018","VISA","","CORNER STORE 1159 LITTLETON","$26.00","","$2243.86"
"01/18/2018","ATM","","LITTLETON FINAN 7870 WE DENVER","$168.75","","$2269.86"
"01/18/2018","VISA","","CLAIRE'S #6728 8491 PAR LITTLETON","$16.01","","$2438.61"
"01/18/2018","VISA","","WISH.COM          800-266-0172 CA #0000","$20.81","","$2454.62"
"01/18/2018","VISA","","MAD GREENS - 0122 303-355-2499 CO #0000","$25.41","","$2475.43"
"01/18/2018","ACH","","JPMorgan Chase Ext Trnsfr 180118~ Tran: ","","$60.00","$2500.84"
"01/17/2018","VISA","","WM SUPERCENTER # Wal-Ma HIGHLANDS RAN","$28.45","","$2440.84"
"01/17/2018","VISA","","FIVE GUYS CO 0420 HIGHLANDS RAN CO #000","$18.03","","$2469.29"
"01/17/2018","ATM","","LITTLETON QUINC 7870 WE DENVER","$13.75","","$2487.32"
"01/17/2018","VISA","","WM SUPERCENTER # Wal-Ma HIGHLANDS RAN","$32.54","","$2501.07"
"01/17/2018","VISA","","KING SOOPERS 7901 S. BR LITTLETON","$17.92","","$2533.61"
"01/17/2018","ACH","","SECURITY SVC FCU ONLINE PMT 180117","$555.89","","$2551.53"
"01/17/2018","ACH","","CARE CREDIT ONLINE PMT 180117","$40.00","","$3107.42"
"01/17/2018","VISA","","KING SOOPERS 7901 S. BR LITTLETON","$11.78","","$3147.42"
"01/17/2018","ACH","","JPMorgan Chase Ext Trnsfr 180117~ Tran: ","","$555.00","$3159.20"
"01/16/2018","VISA","","THE FOOTHILLS GRILDENVER CO #0000001900","$16.00","","$2604.20"
"01/16/2018","VISA","","THE FOOTHILLS GRILDENVER CO #0000001900","$16.00","","$2620.20"
"01/16/2018","VISA","","CORNER STORE 1159 LITTLETON","$30.73","","$2636.20"
"01/16/2018","ACH","","EGGSTRODINARY RE PAYROLL ~ Tran: ACHDD","","$1070.73","$2666.93"
"01/15/2018","ATM","","LITTLETON QUINC 7870 WE DENVER","$53.75","","$1596.20"
"01/15/2018","VISA","","KING SOOPERS 5673S. QUE HIGHLANDS RAN","$16.30","","$1649.95"
"01/15/2018","VISA","","Wal-Mart Super Center 1 HIGHLANDS RAN","$21.01","","$1666.25"
"01/15/2018","VISA","","THE HOME DEPOT #1540 LITTLETON","$25.59","","$1687.26"
"01/15/2018","VISA","","KFC/TB #435       LITTLETON CO #0000001","$11.94","","$1712.85"
"01/15/2018","VISA","","MCDONALD'S F10561 LITTLETON CO #0000001","$7.28","","$1724.79"
"01/15/2018","VISA","","COLUMBINE ANIMAL HLITTLETON CO #0000001","$38.27","","$1732.07"
"01/15/2018","VISA","","CHICK-FIL-A #03183LITTLETON CO #0000001","$12.06","","$1770.34"
"01/15/2018","VISA","","THE SUNSET GRILLE CENTENNIAL CO #000000","$55.40","","$1782.40"
"01/15/2018","VISA","","PROM DISCOUNT LIQUHGHLNDS RANCH CO #000","$9.42","","$1837.80"
"01/14/2018","VISA","","CORNER STORE 1159 LITTLETON","$10.94","","$1847.22"
"01/13/2018","ATM","","LITTLETON QUINC 7870 WE DENVER","$33.75","","$1858.16"
"01/13/2018","VISA","","CORNER STORE 1159 LITTLETON","$28.73","","$1891.91"
"01/12/2018","VISA","","CORNER STORE 1159 LITTLETON","$5.73","","$1920.64"
"01/12/2018","ACH","","LODE DATA CORPOR PAYROLL ~ Tran: ACHDD","","$1287.52","$1926.37"
"01/12/2018","VISA","","KING SOOPERS 7901 S. BR LITTLETON","$17.50","","$638.85"
"01/11/2018","VISA","","KING SOOPERS 9551 UNIVE HIGHLANDS RAN","$2.78","","$656.35"
"01/11/2018","VISA","","KING SOOPERS 9551 UNIVE HIGHLANDS RAN","$44.40","","$659.13"
"01/10/2018","VISA","","SHELL Service Station LITTLETON","$0.15","","$703.53"
"01/10/2018","VISA","","KING SOOPERS 7901 S. BR LITTLETON","$13.14","","$703.68"
"01/10/2018","VISA","","ADVANCE LIQUORS   LITTLETON CO #0000001","$7.50","","$716.82"
"01/10/2018","VISA","","KING SOOPERS 9551 UNIVE HIGHLANDS RAN","$6.99","","$724.32"
"01/09/2018","VISA","","KING SOOPERS 9551 UNIVE HIGHLANDS RAN","$10.98","","$731.31"
"01/09/2018","VISA","","LOAF N JUG # 0809 LITTLETON CO #0000001","$15.06","","$742.29"
"01/09/2018","VISA","","LOAF N'JUG MINI 8080 S. LITTLETON","$27.46","","$757.35"
"01/09/2018","ATM","","TCF BANK 7901 SOUTH BRO LITTLETON","$204.00","","$784.81"
"01/09/2018","TRANSFER","","Transfer from Regular Savings -7737","","$200.09","$988.81"
"01/09/2018","ATM","","LITTLETON 7870 WEST QUI DENVER","$58.75","","$788.72"
"01/08/2018","VISA","","MCDONALD'S F10561 LITTLETON CO #0000001","$7.82","","$847.47"
"01/08/2018","VISA","","KWIK STOP #4 OASISNORTH PLATTE NE #0000","$22.00","","$855.29"
"01/08/2018","VISA","","GOOGLE *Wallet P2Pg.co/walleth# CA #000","","$100.00","$877.29"
"01/08/2018","VISA","","WHISKEY CREEK STEANORTH PLATTE NE #0000","$42.21","","$777.29"
"01/08/2018","VISA","","CORNER STORE 1159 LITTLETON","$2.73","","$819.50"
"01/08/2018","ACH","","COMCAST ONLINE PMT 180108","$151.74","","$822.23"
"01/08/2018","ACH","","PAYPAL ECHECK 180105~ Tran: ACHDW","$43.00","","$973.97"
"01/07/2018","VISA","","SAMSCLUB #6634 7817 PAR LONE TREE","$281.43","","$1016.97"
"01/07/2018","VISA","","THE HOME DEPOT #1540 LITTLETON","$19.34","","$1298.40"
"01/07/2018","VISA","","MCDONALD'S F21012 OMAHA NE #00000019007","$9.17","","$1317.74"
"01/07/2018","VISA","","MCDONALD'S F21012 OMAHA NE #00000019007","$2.82","","$1326.91"
"01/07/2018","VISA","","GOOGLE *Wallet P2Pg.co/walleth# CA #000","$100.00","","$1329.73"
"01/06/2018","VISA","","SHELL Service Station FORT MORGAN","$27.65","","$1429.73"
"01/06/2018","VISA","","PUMP AND PANTRY #10 321 GRAND ISLAND","$24.32","","$1457.38"
"01/06/2018","VISA","","GULF OIL 92059244 NORTH PLATTE NE #0000","$28.60","","$1481.70"
"01/06/2018","VISA","","TACO BELL #018621 NORTH PLATTE NE #0000","$8.28","","$1510.30"
"01/06/2018","VISA","","WALGREENS STORE 17909 B OMAHA","$4.73","","$1518.58"
"01/05/2018","VISA","","TAMALE KITCHEN - 8HIGHLANDS RAN CO #000","$7.36","","$1523.31"
"01/05/2018","VISA","","DENVER PERIODONTICCENTENNIAL CO #000000","$159.00","","$1530.67"
"01/05/2018","VISA","","ADVANCE LIQUORS   LITTLETON CO #0000001","$10.71","","$1689.67"
"01/05/2018","VISA","","GOOD TIMES DR THRUHIGHLANDS RAN CO #000","$20.14","","$1700.38"
"01/05/2018","VISA","","WENDYS #1660      LITTLETON CO #0000001","$8.68","","$1720.52"
"01/05/2018","VISA","","WALGREENS STORE 17909 B OMAHA","$7.72","","$1729.20"
"01/05/2018","VISA","","SHELL Service Station GREENWOOD","$32.00","","$1736.92"
"01/04/2018","VISA","","KING SOOPERS 5425 W. 80 ARVADA","$28.00","","$1768.92"
"01/04/2018","VISA","","KING SOOPERS 8055 SHERI ARVADA","$52.96","","$1796.92"
"01/04/2018","VISA","","KING SOOPERS #0721ARVADA CO #0000001900","$8.20","","$1849.88"
"01/04/2018","VISA","","STARBUCKS STORE 10LITTLETON CO #0000001","$4.88","","$1858.08"
"01/04/2018","ACH","","XCEL ENERGY-PSCO ONLINE PMT 180104","$98.40","","$1862.96"
"01/04/2018","ATM","","LITTLETON QUINC 7870 WE DENVER","$33.75","","$1961.36"
"01/03/2018","VISA","","JIMMY JOHNS - 1494303-738-1777 CO #0000","$27.73","","$1995.11"
"01/03/2018","VISA","","MCDONALD'S F19476 LITTLETON CO #0000001","$12.16","","$2022.84"
"01/03/2018","VISA","","UWELL             909-2648831 CA #00000","$38.98","","$2035.00"
"01/03/2018","ACH","","121 FCU ONLINE PMT 180103","$150.00","","$2073.98"
"01/03/2018","ACH","","PL*HighlandsRanc WEB PMTS 010318","$148.00","","$2223.98"
"01/03/2018","ACH","","JPMorgan Chase Ext Trnsfr 180103~ Tran: ","","$956.55","$2371.98"
"01/02/2018","VISA","","MCDONALD'S F18783 HIGHLANDS RAN CO #000","$4.20","","$1415.43"
"01/02/2018","VISA","","CORNER STORE 1159 LITTLETON","$32.00","","$1419.63"
"01/02/2018","ACH","","WELLS FARGO MTG ONLINE PMT 180102","$2300.00","","$1451.63"
"01/02/2018","ACH","","CAPITAL ONE ONLINE PMT 171229","$300.00","","$3751.63"
"01/02/2018","ACH","","EGGSTRODINARY RE PAYROLL ~ Tran: ACHDD","","$1055.15","$4051.63"
"01/01/2018","VISA","","KING SOOPERS 8055 SHERI ARVADA","$21.56","","$2996.48"
"01/01/2018","VISA","","FIVE GUYS CO 0420 HIGHLANDS RAN CO #000","$19.18","","$3018.04"
"01/01/2018","VISA","","CORNER STORE 1159 LITTLETON","$5.73","","$3037.22"
"12/31/2017","VISA","","DAVIDSONS LIQUOR INC. HIGHLANDS RAN","$40.93","","$3042.95"
"12/31/2017","VISA","","WM SUPERCENTER # Wal-Ma HIGHLANDS RAN","$66.95","","$3083.88"
"12/31/2017","VISA","","AMAZON.COM AMZN.COAMZN.COM/BILL WA #000","$63.07","","$3150.83"
"12/31/2017","VISA","","GOOGLE *Wallet P2Pg.co/walleth# CA #000","","$20.00","$3213.90"
"12/31/2017","VISA","","BUFFALO WILD WINGSLAKEWOOD CO #00000019","$62.80","","$3193.90"
"12/31/2017","VISA","","FLOYDS 99 BARBERSHLITTLETON CO #0000001","$30.00","","$3256.70"
"12/30/2017","VISA","","THE HOME DEPOT #1540 LITTLETON","$16.19","","$3286.70"
"12/30/2017","VISA","","LOAF N'JUG MINI 8080 S. LITTLETON","$30.46","","$3302.89"
"12/29/2017","INTADJUST","","Interest Paid","","$0.21","$3333.35"
"12/29/2017","ATMREBATE","","ATM Fee Rebate","","$22.50","$3333.14"
"12/29/2017","VISA","","WM SUPERCENTER # Wal-Ma HIGHLANDS RAN","$60.70","","$3310.64"
"12/29/2017","VISA","","OREILLY AUTO #4839 LITTLETON","$20.26","","$3371.34"
"12/29/2017","VISA","","THE HOME DEPOT #1540 LITTLETON","$1.93","","$3391.60"
"12/29/2017","VISA","","MCDONALD'S F18083 HIGHLANDS RAN CO #000","$5.24","","$3393.53"
"12/29/2017","VISA","","THE SUNSET GRILLE CENTENNIAL CO #000000","$48.50","","$3398.77"
"12/29/2017","VISA","","STARBUCKS STORE 06HIGHLANDS RAN CO #000","$9.87","","$3447.27"
"12/29/2017","VISA","","CORNER STORE 1159 LITTLETON","$10.42","","$3457.14"
"12/29/2017","ACH","","LODE DATA CORPOR PAYROLL ~ Tran: ACHDD","","$1287.51","$3467.56"
"12/28/2017","ATM","","LITTLETON FINAN 7870 WE DENVER","$83.75","","$2180.05"
"12/28/2017","VISA","","MCDONALD'S F10561 LITTLETON CO #0000001","$12.85","","$2263.80"
"12/28/2017","VISA","","TAMALE KITCHEN - 8HIGHLANDS RAN CO #000","$12.35","","$2276.65"
"12/28/2017","VISA","","AMAZON MKTPLACE PMAMZN.COM/BILL WA #000","$14.59","","$2289.00"
"12/28/2017","VISA","","CHICK-FIL-A #03183LITTLETON CO #0000001","$15.29","","$2303.59"
"12/28/2017","VISA","","PAW PRINTS        HIGHLANDS RAN CO #000","$40.45","","$2318.88"
"12/28/2017","VISA","","WALGREENS STORE 9141 S HIGHLANDS RAN","$6.81","","$2359.33"
"12/28/2017","VISA","","KING SOOPERS 7901 S. BR LITTLETON","$44.74","","$2366.14"
"12/28/2017","VISA","","CORNER STORE 1159 LITTLETON","$5.73","","$2410.88"
"12/28/2017","ACH","","JPMorgan Chase Ext Trnsfr 171228~ Tran: ","","$60.00","$2416.61"
"12/27/2017","VISA","","KING SOOPERS #0721ARVADA CO #0000001900","$25.50","","$2356.61"
"12/24/2017","ATM","","LITTLETON QUINC 7870 WE DENVER","$48.75","","$2382.11"
"12/24/2017","VISA","","KING SOOPERS 8055 SHERI ARVADA","$121.32","","$2430.86"
"12/24/2017","VISA","","OLIVE GARDEN  0001HIGHLANDS RAN CO #000","$31.26","","$2552.18"
"12/23/2017","VISA","","KING SOOPERS 9551 UNIVE HIGHLANDS RAN","$76.32","","$2583.44"
"12/23/2017","VISA","","KING SOOPERS 6370 SHERI ARVADA","$24.00","","$2659.76"
"12/23/2017","VISA","","CORNER STORE 1159 LITTLETON","$10.42","","$2683.76"
"12/22/2017","VISA","","Wal-Mart Super Center 1 HIGHLANDS RAN","$107.19","","$2694.18"
"12/22/2017","VISA","","BURGER KING #3609 LITTLETON CO #0000001","$9.49","","$2801.37"
"12/22/2017","VISA","","STATE FARM INSURAN800-956-6310 IL #0000","$158.58","","$2810.86"
"12/22/2017","VISA","","FIREHOUSE SUBS #50LITTLETON CO #0000001","$23.00","","$2969.44"
"12/22/2017","VISA","","KRAKEN ABYSS VAPORLITTLETON CO #0000001","$23.00","","$2992.44"
"12/22/2017","ACH","","AT&T MOBILITY ONLINE PMT 171222","$309.26","","$3015.44"
"12/21/2017","VISA","","KING SOOPERS 12350 W. 6 ARVADA","$5.50","","$3324.70"
"12/21/2017","VISA","","KING SOOPERS 12350 W. 6 ARVADA (Reversal","-$5.50","","$3330.20"
"12/21/2017","VISA","","KING SOOPERS 12350 W. 6 ARVADA","$5.50","","$3324.70"
"12/21/2017","VISA","","PROTONMAIL        41225483451    #00000","$5.00","","$3330.20"
"12/21/2017","VISA","","PARRY`S PIZZA III HIGHLANDS RAN CO #000","$47.23","","$3335.20"
"12/20/2017","VISA","","KING SOOPERS 7901 S. BR LITTLETON","$11.85","","$3382.43"
"12/20/2017","VISA","","KING SOOPERS 7901 S. BR LITTLETON","$102.71","","$3394.28"
"12/20/2017","VISA","","MCDONALD'S F10561 LITTLETON CO #0000001","$7.71","","$3496.99"
"12/20/2017","VISA","","CONOCO - UNITED PAHIGHLANDS RAN CO #000","$21.88","","$3504.70"
"12/20/2017","VISA","","TSE JENNYSMARKET 8286 S LITTLETON","$30.00","","$3526.58"
"12/20/2017","ATM","","LITTLETON QUINC 7870 WE DENVER","$13.75","","$3556.58"
"12/20/2017","VISA","","WAL-MART #1308 7700 WES LITTLETON","$21.03","","$3570.33"
"12/20/2017","ACH","","JPMorgan Chase Ext Trnsfr 171220~ Tran: ","","$1121.51","$3591.36"
"12/19/2017","VISA","","BUFFALO WILD WINGSLAKEWOOD CO #00000019","$38.60","","$2469.85"
"12/18/2017","DEPOSIT","","Deposit Mobile Banking","","$250.00","$2508.45"
"12/18/2017","VISA","","KING SOOPERS 8055 SHERI ARVADA","$17.15","","$2258.45"
"12/18/2017","VISA","","THE PIPE JOINT    LITTLETON CO #0000001","$27.00","","$2275.60"
"12/18/2017","VISA","","MCDONALD'S F10561 LITTLETON CO #0000001","$5.35","","$2302.60"
"12/18/2017","VISA","","ARBY'S 8491       LITTLETON CO #0000001","$18.40","","$2307.95"
"12/18/2017","VISA","","CORNER STORE 1159 LITTLETON","$5.73","","$2326.35"
"12/18/2017","ACH","","EGGSTRODINARY RE PAYROLL ~ Tran: ACHDD","","$1055.14","$2332.08"
"12/17/2017","TRANSFER","","Transfer to Regular Savings -7737","$100.00","","$1276.94"
"12/17/2017","VISA","","THE WHITE CHOCOLATLONE TREE CO #0000001","$60.40","","$1376.94"
"12/17/2017","VISA","","GOOGLE *Wallet P2Pg.co/walleth# CA #000","$20.00","","$1437.34"
"12/17/2017","VISA","","CORNER STORE 1159 LITTLETON","$30.00","","$1457.34"
"12/17/2017","VISA","","KING SOOPERS 7901 S. BR LITTLETON","$35.37","","$1487.34"
"12/16/2017","VISA","","KING SOOPERS 8126 WADSW LITTLETON","$13.85","","$1522.71"
"12/16/2017","VISA","","KING SOOPERS #0721ARVADA CO #0000001900","$6.95","","$1536.56"
"12/16/2017","VISA","","ADVANCE LIQUORS   LITTLETON CO #0000001","$10.71","","$1543.51"
"12/16/2017","VISA","","STARBUCKS STORE 06HIGHLANDS RAN CO #000","$9.87","","$1554.22"
"12/16/2017","VISA","","CORNER STORE 1159 LITTLETON","$5.73","","$1564.09"
"12/15/2017","ATM","","LITTLETON FINAN 7870 WE DENVER","$83.75","","$1569.82"
"12/15/2017","VISA","","TAMALE KITCHEN - 8HIGHLANDS RAN CO #000","$16.98","","$1653.57"
"12/15/2017","VISA","","MCDONALD'S F10561 LITTLETON CO #0000001","$12.42","","$1670.55"
"12/15/2017","VISA","","CHICK-FIL-A #03183LITTLETON CO #0000001","$15.40","","$1682.97"
"12/15/2017","ACH","","CARE CREDIT ONLINE PMT 171215","$120.26","","$1698.37"
"12/15/2017","ACH","","SECURITY SVC FCU ONLINE PMT 171215","$25.00","","$1818.63"
"12/15/2017","ACH","","LODE DATA CORPOR PAYROLL ~ Tran: ACHDD","","$1287.53","$1843.63"
"12/15/2017","ACH","","LODE DATA CORPOR PAYROLL ~ Tran: ACHDD","","$210.30","$556.10"
"12/14/2017","VISA","","KING SOOPERS 7901 S. BR LITTLETON","$38.34","","$345.80"
"12/14/2017","VISA","","WENDYS #1660      LITTLETON CO #0000001","$17.67","","$384.14"
"12/14/2017","VISA","","SHELL Service Station HIGHLANDS RAN","$30.74","","$401.81"
"12/13/2017","VISA","","KING SOOPERS #0721ARVADA CO #0000001900","$5.50","","$432.55"
"12/13/2017","VISA","","COLUMBINE ANIMAL HLITTLETON CO #0000001","$38.27","","$438.05"
"12/12/2017","VISA","","VILLAGE CENTER LIQUORS HIGHLANDS RAN","$5.64","","$476.32"
"12/12/2017","VISA","","KING SOOPERS 9551 UNIVE HIGHLANDS RAN","$12.96","","$481.96"
"12/11/2017","ATM","","LITTLETON QUINC 7870 WE DENVER","$18.75","","$494.92"
"12/11/2017","VISA","","CORNER STORE 1159 LITTLETON","$13.56","","$513.67"
"12/11/2017","VISA","","CORNER STORE 1159 LITTLETON","$10.42","","$527.23"
"12/09/2017","VISA","","LOAF N'JUG MINI 8080 S. LITTLETON","$35.00","","$537.65"
"12/09/2017","VISA","","KING SOOPERS 7901 S. BR LITTLETON","$19.77","","$572.65"
"12/09/2017","VISA","","KING SOOPERS 8055 SHERI ARVADA","$3.25","","$592.42"
"12/09/2017","VISA","","KRAKEN ABYSS VAPORLITTLETON CO #0000001","$17.23","","$595.67"
"12/09/2017","VISA","","CORNER STORE 1159 LITTLETON","$6.72","","$612.90"
"12/08/2017","ACH","","COMCAST ONLINE PMT 171208","$130.31","","$619.62"
"12/07/2017","VISA","","KING SOOPERS 8055 SHERI ARVADA","$15.06","","$749.93"
"12/06/2017","VISA","","KING SOOPERS 9551 UNIVE HIGHLANDS RAN","$13.64","","$764.99"
"12/06/2017","VISA","","WAL-MART #1252 6675 BUS HIGHLANDS RAN","$33.59","","$778.63"
"12/06/2017","VISA","","WAL-MART #1252 6675 BUS HIGHLANDS RAN (R","-$33.59","","$812.22"
"12/06/2017","VISA","","WAL-MART #1252 6675 BUS HIGHLANDS RAN","$33.59","","$778.63"
"12/06/2017","ACH","","AT&T MOBILITY ONLINE PMT 171206","$247.97","","$812.22"
"12/06/2017","ACH","","PAYPAL ECHECK 171205","$64.00","","$1060.19"
"12/05/2017","VISA","","BONOS PIT BARBQ   CENTENNIAL CO #000000","$50.57","","$1124.19"
"12/05/2017","VISA","","KING SOOPERS #0721ARVADA CO #0000001900","$5.50","","$1174.76"
"12/05/2017","ACH","","CAPITAL ONE ONLINE PMT 171204","$100.00","","$1180.26"
"12/04/2017","ATM","","LITTLETON 7870 WEST QUI DENVER","$133.75","","$1280.26"
"12/04/2017","VISA","","KING SOOPERS 6370 SHERI ARVADA","$28.00","","$1414.01"
"12/04/2017","VISA","","MCDONALD'S F10561 LITTLETON CO #0000001","$8.89","","$1442.01"
"12/04/2017","TRANSFER","","Transfer to Regular Savings -7737","$100.00","","$1450.90"
"12/04/2017","ACH","","WELLS FARGO MTG ONLINE PMT 171204","$2300.00","","$1550.90"
"12/04/2017","ACH","","EGGSTRODINARY RE PAYROLL ~ Tran: ACHDD","","$1055.14","$3850.90"
"12/02/2017","VISA","","KING SOOPERS #0721ARVADA CO #0000001900","$30.00","","$2795.76"
"12/02/2017","VISA","","ADVANCE LIQUORS   LITTLETON CO #0000001","$6.30","","$2825.76"
"12/02/2017","VISA","","SHELL Service Station ARVADA","$8.42","","$2832.06"
"12/01/2017","VISA","","KING SOOPERS #0721ARVADA CO #0000001900","$5.50","","$2840.48"
"12/01/2017","ACH","","121 FCU ONLINE PMT 171201","$150.00","","$2845.98"
"12/01/2017","ACH","","XCEL ENERGY-PSCO ONLINE PMT 171201","$79.88","","$2995.98"
"11/30/2017","INTADJUST","","Interest Paid","","$0.22","$3075.86"
"11/30/2017","ATMREBATE","","ATM Fee Rebate","","$33.13","$3075.64"
"11/30/2017","ATM","","LITTLETON QUINC 7870 WE DENVER","$48.75","","$3042.51"
"11/30/2017","VISA","","MCDONALD'S F18783 HIGHLANDS RAN CO #000","$1.59","","$3091.26"
"11/30/2017","VISA","","WENDYS #1660      LITTLETON CO #0000001","$19.27","","$3092.85"
"11/30/2017","ACH","","LODE DATA CORPOR PAYROLL ~ Tran: ACHDD","","$1287.52","$3112.12"
"11/29/2017","VISA","","KING SOOPERS #0721ARVADA CO #0000001900","$5.50","","$1824.60"
"11/29/2017","VISA","","CHICK-FIL-A #689  LITTLETON CO #0000001","$16.98","","$1830.10"
"11/29/2017","VISA","","KING SOOPERS 5673S. QUE HIGHLANDS RAN","$50.97","","$1847.08"
"11/29/2017","VISA","","INNO VAPOR        LONE TREE CO #0000001","$12.80","","$1898.05"
"11/29/2017","VISA","","SHELL Service Station HIGHLANDS RAN","$7.83","","$1910.85"
"11/29/2017","VISA","","WM SUPERCENTER # Wal-Ma HIGHLANDS RAN","$27.48","","$1918.68"
"11/29/2017","ACH","","JPMorgan Chase Ext Trnsfr 171129~ Tran: ","","$126.00","$1946.16"
"11/28/2017","VISA","","KING SOOPERS #0603ARVADA CO #0000001900","$27.56","","$1820.16"
"11/28/2017","VISA","","KING SOOPERS 8055 SHERI ARVADA","$4.15","","$1847.72"
"11/26/2017","VISA","","LITTLE CAESARS 178HIGHLANDS RAN CO #000","$13.09","","$1851.87"
"11/26/2017","VISA","","KING SOOPERS #0721ARVADA CO #0000001900","$5.50","","$1864.96"
"11/26/2017","VISA","","MCDONALD'S F19476 LITTLETON CO #0000001","$6.49","","$1870.46"
"11/26/2017","VISA","","SHELL Service Station ARVADA","$8.37","","$1876.95"
"11/26/2017","VISA","","KING SOOPERS 7901 S. BR LITTLETON","$10.19","","$1885.32"
"11/26/2017","VISA","","KING SOOPERS 7901 S. BR LITTLETON","$22.26","","$1895.51"
"11/25/2017","DEPOSIT","","Deposit Mobile Banking","","$247.97","$1917.77"
"11/25/2017","VISA","","CHATFIELD WINE & SLITTLETON CO #0000001","$7.74","","$1669.80"
"11/25/2017","VISA","","MCDONALD'S F18783 HIGHLANDS RAN CO #000","$5.03","","$1677.54"
"11/25/2017","VISA","","GUADALAJARA MEXICAWESTMINSTER CO #00000","$38.61","","$1682.57"
"11/24/2017","VISA","","TSE JENNYSMARKET 8286 S LITTLETON","$20.00","","$1721.18"
"11/24/2017","VISA","","MCDONALD'S F10392 LITTLETON CO #0000001","$10.22","","$1741.18"
"11/24/2017","VISA","","STARBUCKS STORE 06HIGHLANDS RAN CO #000","$9.87","","$1751.40"
"11/24/2017","VISA","","KING SOOPERS 8055 SHERI ARVADA","$0.20","","$1761.27"
"11/24/2017","VISA","","CORNER STORE 1159 LITTLETON","$30.73","","$1761.47"
"11/23/2017","VISA","","TAMALE KITCHEN - 8HIGHLANDS RAN CO #000","$14.19","","$1792.20"
"11/22/2017","VISA","","THE HOME DEPOT #1540 LITTLETON","$12.58","","$1806.39"
"11/22/2017","VISA","","KING SOOPERS 7575 UNIVE CENTENNIAL","$19.00","","$1818.97"
"11/22/2017","ATM","","TCC FINANCIAL 2020 S. C DENVER","$107.75","","$1837.97"
"11/22/2017","VISA","","MCDONALD'S F10561 LITTLETON CO #0000001","$15.74","","$1945.72"
"11/22/2017","VISA","","MILE HIGH PIPE  TOHIGHLANDS RAN CO #000","$14.77","","$1961.46"
"11/22/2017","VISA","","QDOBA 2094        HIGHLANDS RAN CO #000","$12.60","","$1976.23"
"11/22/2017","VISA","","E 470 EXPRESS TOLL303-5373470 CO #00000","$26.15","","$1988.83"
"11/22/2017","VISA","","PAW PRINTS        HIGHLANDS RAN CO #000","$31.87","","$2014.98"
"11/22/2017","VISA","","THE ROCK RESTAURANAURORA CO #0000001900","$25.87","","$2046.85"
"11/22/2017","VISA","","KING SOOPERS 7901 S. BR LITTLETON","$6.39","","$2072.72"
"11/21/2017","VISA","","MCDONALD'S F18783 HIGHLANDS RAN CO #000","$5.03","","$2079.11"
"11/21/2017","VISA","","KING SOOPERS #0721ARVADA CO #0000001900","$9.36","","$2084.14"
"11/21/2017","VISA","","TASTE OF PHILLY   720-482-2438 CO #0000","$22.38","","$2093.50"
"11/21/2017","VISA","","FUGGIN VAPOR      786-5047878 FL #00000","$49.00","","$2115.88"
"11/21/2017","VISA","","KRAKEN ABYSS VAPORLITTLETON CO #0000001","$23.00","","$2164.88"
"11/21/2017","VISA","","STARBUCKS STORE 10LITTLETON CO #0000001","$9.98","","$2187.88"
"11/20/2017","ATM","","LITTLETON QUINC 7870 WE DENVER","$103.75","","$2197.86"
"11/20/2017","VISA","","CHICK-FIL-A #689  LITTLETON CO #0000001","$16.98","","$2301.61"
"11/20/2017","VISA","","KING SOOPERS 8055 SHERI ARVADA","$16.10","","$2318.59"
"11/20/2017","ACH","","EGGSTRODINARY RE PAYROLL ~ Tran: ACHDD","","$1055.14","$2334.69"
"11/19/2017","VISA","","CORNER STORE 1159 LITTLETON","$30.00","","$1279.55"
"11/19/2017","VISA","","STATE FARM INSURAN800-956-6310 IL #0000","$158.58","","$1309.55"
"11/19/2017","VISA","","WENDYS #1660      LITTLETON CO #0000001","$18.21","","$1468.13"
"11/19/2017","VISA","","KING SOOPERS 6350 SHERI ARVADA","$7.42","","$1486.34"
"11/19/2017","VISA","","CORNER STORE 1159 LITTLETON","$5.73","","$1493.76"
"11/18/2017","VISA","","VILLAGE CENTER LIQUORS HIGHLANDS RAN","$35.19","","$1499.49"
"11/18/2017","VISA","","PARRY`S PIZZA III HIGHLANDS RAN CO #000","$59.30","","$1534.68"
"11/17/2017","ATM","","LITTLETON QUINC 7870 WE DENVER","$33.75","","$1593.98"
"11/17/2017","VISA","","CO MOTOR VEHICLE SDENVER CO #0000001900","$82.95","","$1627.73"
"11/17/2017","DEPOSIT","","Deposit Mobile Banking","","$21.71","$1710.68"
"11/17/2017","VISA","","SHELL Service Station ARVADA","$8.74","","$1688.97"
"11/17/2017","ACH","","SECURITY SVC FCU ONLINE PMT 171117","$555.89","","$1697.71"
"11/17/2017","ACH","","CARE CREDIT ONLINE PMT 171117","$60.00","","$2253.60"
"11/17/2017","ACH","","JPMorgan Chase Ext Trnsfr 171117~ Tran: ","","$555.00","$2313.60"
"11/16/2017","VISA","","KING SOOPERS 9551 UNIVE HIGHLANDS RAN","$90.63","","$1758.60"
"11/16/2017","VISA","","THE HOME DEPOT #1540 LITTLETON","$46.59","","$1849.23"
"11/16/2017","VISA","","GAME STOP # 6495 1265 O HIGHLANDS RAN","$26.24","","$1895.82"
"11/16/2017","VISA","","FIREHOUSE SUBS #50LITTLETON CO #0000001","$21.00","","$1922.06"
"11/16/2017","VISA","","UNITED      016237800-932-2732 TX #0000","$11.20","","$1943.06"
"11/16/2017","VISA","","UNITED      016237800-932-2732 TX #0000","$11.20","","$1954.26"
"11/16/2017","VISA","","STARBUCKS STORE 10LITTLETON CO #0000001","$9.87","","$1965.46"
"11/15/2017","VISA","","SHELL Service Station LITTLETON","$29.00","","$1975.33"
"11/15/2017","VISA","","SHELL Service Station LITTLETON","$8.74","","$2004.33"
"11/15/2017","VISA","","KING SOOPERS 7901 S. BR LITTLETON","$34.33","","$2013.07"
"11/15/2017","VISA","","TAMALE KITCHEN - LLITTLETON CO #0000001","$13.40","","$2047.40"
"11/15/2017","VISA","","ELEMENT VAPE      323-795-8168 CA #0000","$91.70","","$2060.80"
"11/15/2017","VISA","","KRAKEN ABYSS VAPORLITTLETON CO #0000001","$40.00","","$2152.50"
"11/15/2017","VISA","","STARBUCKS STORE 10LITTLETON CO #0000001","$4.99","","$2192.50"
"11/15/2017","VISA","","TAMALE KITCHEN - LLITTLETON CO #0000001","$5.26","","$2197.49"
"11/15/2017","ACH","","LODE DATA CORPOR PAYROLL ~ Tran: ACHDD","","$1475.56","$2202.75"
"11/14/2017","VISA","","MCDONALD'S F10561 LITTLETON CO #0000001","$12.42","","$727.19"
"11/14/2017","VISA","","STARBUCKS NAIA TERPASAY    #00000019003","$4.10","","$739.61"
"11/13/2017","VISA","","CORNER STORE 1159 LITTLETON","$10.42","","$743.71"
"11/13/2017","ATM","","LITTLETON QUINC 7870 WE DENVER","$48.75","","$754.13"
"11/13/2017","VISA","","MCDONALD'S F18083 HIGHLANDS RAN CO #000","$6.91","","$802.88"
"11/12/2017","VISA","","SHELL Service Station ARVADA","$8.74","","$809.79"
"11/11/2017","VISA","","LOAF N JUG # 0809 LITTLETON CO #0000001","$29.01","","$818.53"
"11/11/2017","ATM","","BANCNET BANK 010 PHILIPPINES","$53.67","","$847.54"
"11/10/2017","VISA","","SHELL Service Station LITTLETON","$8.74","","$901.21"
"11/10/2017","ATM","","LITTLETON FINAN 7870 WE DENVER","$23.75","","$909.95"
"11/10/2017","VISA","","BURGER KING #5870 ARVADA CO #0000001900","$7.98","","$933.70"
"11/10/2017","VISA","","AMAZON MKTPLACE PMAMZN.COM/BILL WA #000","$8.49","","$941.68"
"11/10/2017","VISA","","GOOGLE *Australia g.co/helppay# CA #000","$8.99","","$950.17"
"11/10/2017","ACH","","CAPITAL ONE CARD ONLINE PMT 171110","$218.31","","$959.16"
"11/09/2017","VISA","","PRIVATEINTERNETACCHTTPSWWW.PRIV CO #000","$39.95","","$1177.47"
"11/09/2017","VISA","","SHELL Service Station ARVADA","$8.74","","$1217.42"
"11/08/2017","VISA","","MCDONALD'S F10561 LITTLETON CO #0000001","$7.71","","$1226.16"
"11/08/2017","ACH","","COMCAST ONLINE PMT 171108","$94.40","","$1233.87"
"11/08/2017","ACH","","PAYPAL ECHECK 171106~ Tran: ACHDW","$42.00","","$1328.27"
"11/07/2017","VISA","","LOAF N'JUG MINI 8080 S. LITTLETON","$10.52","","$1370.27"
"11/07/2017","VISA","","KING SOOPERS 7901 S. BR LITTLETON","$51.00","","$1380.79"
"11/07/2017","ACH","","CAPITAL ONE ONLINE PMT 171105","$150.00","","$1431.79"
"11/06/2017","VISA","","Duplicate Visa Posting 11/06/17 (Reversa","-$103.94","","$1581.79"
"11/06/2017","ATM","","LITTLETON QUINC 7870 WE DENVER","$33.75","","$1477.85"
"11/06/2017","VISA","","KRAKEN ABYSS VAPORLITTLETON CO #0000001","$103.94","","$1511.60"
"11/06/2017","VISA","","KRAKEN ABYSS VAPORLITTLETON CO #0000001","$103.94","","$1615.54"
"11/06/2017","ATM","","PUBLIC SERVICE 8500 PEN DENVER","$203.00","","$1719.48"
"11/06/2017","VISA","","SHELL Service Station ARVADA","$8.74","","$1922.48"
"11/06/2017","ACH","","WELLS FARGO MTG ONLINE PMT 171106","$2300.00","","$1931.22"
"11/06/2017","ACH","","121 FCU ONLINE PMT 171106","$183.00","","$4231.22"
"11/06/2017","ACH","","EGGSTRODINARY RE PAYROLL ~ Tran: ACHDD","","$1055.14","$4414.22"
"11/06/2017","ACH","","EGGSTRODINARY RE PAYROLL ~ Tran: ACHDD","","$223.87","$3359.08"
"11/05/2017","VISA","","KING SOOPERS 5425 W. 80 ARVADA","$28.00","","$3135.21"
"11/05/2017","VISA","","SHELL Service Station LITTLETON","$27.30","","$3163.21"
"11/05/2017","VISA","","CHICK-FIL-A #03183LITTLETON CO #0000001","$15.40","","$3190.51"
"11/05/2017","VISA","","INNO VAPOR        LONE TREE CO #0000001","$6.39","","$3205.91"
"11/04/2017","VISA","","CORNER STORE 1159 LITTLETON","$1.49","","$3212.30"
"11/04/2017","VISA","","KING SOOPERS 7901 S. BR LITTLETON","$43.26","","$3213.79"
"11/04/2017","VISA","","SHELL Service Station ARVADA","$3.74","","$3257.05"
"11/03/2017","DEPOSIT","","Deposit Mobile Banking","","$300.00","$3260.79"
"11/03/2017","VISA","","SHELL Service Station ARVADA","$21.49","","$2960.79"
"11/03/2017","VISA","","OFFICE DEPOT 00 9349 SH WESTMINSTER","$5.99","","$2982.28"
"11/03/2017","VISA","","SHELL Service Station ARVADA","$8.74","","$2988.27"
"11/03/2017","ACH","","XCEL ENERGY-PSCO ONLINE PMT 171103","$32.83","","$2997.01"
"11/02/2017","ACH","","JPMorgan Chase Ext Trnsfr 171102~ Tran: ","","$555.00","$3029.84"
"11/01/2017","VISA","","CORNER STORE 1159 HIGHLANDS RAN CO #000","$20.00","","$2474.84"
"10/31/2017","INTADJUST","","Interest Paid","","$0.20","$2494.84"
"10/31/2017","ATMREBATE","","ATM Fee Rebate","","$34.25","$2494.64"
"10/31/2017","ACH","","LODE DATA CORPOR PAYROLL ~ Tran: ACHDD","","$1287.53","$2460.39"
"10/30/2017","VISA","","MCDONALD'S F10561 LITTLETON CO #0000001","$7.39","","$1172.86"
"10/30/2017","VISA","","KING SOOPERS 8055 SHERI ARVADA","$0.18","","$1180.25"
"10/29/2017","VISA","","KING SOOPERS 9551 UNIVE HIGHLANDS RAN","$264.28","","$1180.43"
"10/29/2017","VISA","","LOAF N JUG # 0809 LITTLETON CO #0000001","$10.14","","$1444.71"
"10/28/2017","VISA","","CHATFIELD WINE ANDLITTLETON CO #0000001","$8.78","","$1454.85"
"10/28/2017","VISA","","BURGER KING #5870 ARVADA CO #0000001900","$7.76","","$1463.63"
"10/28/2017","VISA","","STARBUCKS STORE 06HIGHLANDS RAN CO #000","$8.61","","$1471.39"
"10/28/2017","ATM","","LITTLETON QUINC 7870 WE DENVER","$173.75","","$1480.00"
"10/27/2017","VISA","","KING SOOPERS 7901 S. BR LITTLETON","$1.49","","$1653.75"
"10/27/2017","VISA","","KING SOOPERS 6370 SHERI ARVADA","$20.00","","$1655.24"
"10/27/2017","VISA","","DOLLAR TREE       ARVADA CO #0000001900","$2.16","","$1675.24"
"10/27/2017","VISA","","KING SOOPERS #0721ARVADA CO #0000001900","$5.50","","$1677.40"
"10/27/2017","VISA","","CHICK-FIL-A #689  LITTLETON CO #0000001","$15.40","","$1682.90"
"10/27/2017","VISA","","CORNER STORE 1159 HIGHLANDS RAN CO #000","$20.00","","$1698.30"
"10/25/2017","VISA","","CORNER STORE 1159 LITTLETON","$49.18","","$1718.30"
"10/25/2017","VISA","","DOMINO'S 6356     303-449-7101 CO #0000","$21.51","","$1767.48"
"10/25/2017","VISA","","WENDY'S #10501    HIGHLANDS RAN CO #000","$7.33","","$1788.99"
"10/25/2017","ACH","","JPMorgan Chase Ext Trnsfr 171025~ Tran: ","","$60.00","$1796.32"
"10/24/2017","VISA","","SHELL Service Station LITTLETON","$5.15","","$1736.32"
"10/24/2017","VISA","","BUFFALO WILD WINGSLAKEWOOD CO #00000019","$37.25","","$1741.47"
"10/24/2017","VISA","","STARBUCKS STORE 05HIGHLANDS RAN CO #000","$4.99","","$1778.72"
"10/24/2017","ACH","","AT&T MOBILITY ONLINE PMT 171024","$247.97","","$1783.71"
"10/23/2017","TRANSFER","","Transfer from Regular Savings -7737","","$325.03","$2031.68"
"10/23/2017","VISA","","KING SOOPERS 8055 SHERI ARVADA","$12.46","","$1706.65"
"10/23/2017","VISA","","MCDONALD'S F18083 HIGHLANDS RAN CO #000","$3.77","","$1719.11"
"10/23/2017","VISA","","MCDONALD'S F10561 LITTLETON CO #0000001","$5.00","","$1722.88"
"10/23/2017","VISA","","THE SUNSET GRILLE CENTENNIAL CO #000000","$45.58","","$1727.88"
"10/23/2017","VISA","","DAVIDSONS LIQUOR HIGHLANDS RAN CO #000","$77.72","","$1773.46"
"10/23/2017","VISA","","SHELL Service Station ARVADA","$8.74","","$1851.18"
"10/23/2017","ACH","","AT&T MOBILITY ONLINE PMT 171023","$247.97","","$1859.92"
"10/23/2017","ACH","","EGGSTRODINARY RE PAYROLL ~ Tran: ACHDD","","$1055.14","$2107.89"
"10/22/2017","VISA","","PAW PRINTS        HIGHLANDS RAN CO #000","$27.29","","$1052.75"
"10/22/2017","VISA","","CORNER STORE 1159 LITTLETON","$25.00","","$1080.04"
"10/22/2017","VISA","","CORNER STORE 1159 LITTLETON","$10.42","","$1105.04"
"10/21/2017","ATM","","LITTLETON QUINC 7870 WE DENVER","$53.75","","$1115.46"
"10/21/2017","ATM","","PAI ISO 8269 S HOLLY ST CENTENNIAL","$23.00","","$1169.21"
"10/21/2017","VISA","","MCDONALD'S F10760 DENVER CO #0000001900","$4.96","","$1192.21"
"10/21/2017","VISA","","LOAF N JUG # 0809 LITTLETON CO #0000001","$10.00","","$1197.17"
"10/21/2017","VISA","","KING SOOPERS 8055 SHERI ARVADA","$4.87","","$1207.17"
"10/21/2017","VISA","","SHELL Service Station ARVADA","$8.74","","$1212.04"
"10/21/2017","VISA","","BEDBATH&BEYOND# 9315 Do LITTLETON","$31.48","","$1220.78"
"10/21/2017","VISA","","WAL-MART #1252 6675 BUS HIGHLANDS RAN","$54.84","","$1252.26"
"10/20/2017","VISA","","WENDY'S #10501    HIGHLANDS RAN CO #000","$9.64","","$1307.10"
"10/20/2017","VISA","","STARBUCKS STORE 06HIGHLANDS RAN CO #000","$7.67","","$1316.74"
"10/20/2017","VISA","","SHELL Service Station ARVADA","$8.74","","$1324.41"
"10/19/2017","ATM","","LITTLETON QUINC 7870 WE DENVER","$33.75","","$1333.15"
"10/19/2017","VISA","","TAMALE KITCHEN - 8HIGHLANDS RAN CO #000","$17.50","","$1366.90"
"10/19/2017","VISA","","LOAF N JUG # 0809 LITTLETON CO #0000001","$30.00","","$1384.40"
"10/19/2017","VISA","","STATE FARM INSURAN800-956-6310 IL #0000","$158.58","","$1414.40"
"10/18/2017","VISA","","SHELL Service Station LITTLETON","$8.74","","$1572.98"
"10/18/2017","VISA","","KING SOOPERS 7901 S. BR LITTLETON","$81.18","","$1581.72"
"10/18/2017","VISA","","MCDONALD'S F10561 LITTLETON CO #0000001","$7.07","","$1662.90"
"10/18/2017","VISA","","BURGER KING #3609 LITTLETON CO #0000001","$13.32","","$1669.97"
"10/18/2017","ACH","","JPMorgan Chase Ext Trnsfr 171018~ Tran: ","","$555.00","$1683.29"
"10/17/2017","VISA","","AIR CARE COLORADO HGHLNDS RANCH CO #000","$25.00","","$1128.29"
"10/17/2017","VISA","","LOAF N JUG # 0809 LITTLETON CO #0000001","$28.01","","$1153.29"
"10/17/2017","VISA","","CARL'S JR #7736   PARKER CO #0000001900","$6.92","","$1181.30"
"10/17/2017","VISA","","SEI 37016 DENVER","$7.65","","$1188.22"
"10/17/2017","VISA","","WAL-MART #3824 7155 SHE WESTMINSTER","$8.49","","$1195.87"
"10/17/2017","ACH","","SECURITY SVC FCU ONLINE PMT 171017","$555.89","","$1204.36"
"10/17/2017","VISA","","CORNER STORE 1159 LITTLETON","$10.42","","$1760.25"
"10/16/2017","VISA","","DAVIDS BRIDAL INC 82 LONE TREE","$192.21","","$1770.67"
"10/16/2017","ATM","","LITTLETON QUINC 7870 WE DENVER","$38.75","","$1962.88"
"10/16/2017","VISA","","ARBY'S 8491       LITTLETON CO #0000001","$17.98","","$2001.63"
"10/16/2017","VISA","","MCDONALD'S F10561 LITTLETON CO #0000001","$5.35","","$2019.61"
"10/16/2017","VISA","","PARRY`S PIZZA III HIGHLANDS RAN CO #000","$42.18","","$2024.96"
"10/16/2017","VISA","","STARBUCKS STORE 06HIGHLANDS RAN CO #000","$9.66","","$2067.14"
"10/16/2017","VISA","","KING SOOPERS 8055 SHERI ARVADA","$4.44","","$2076.80"
"10/16/2017","VISA","","KING SOOPERS 8055 SHERI ARVADA","$2.28","","$2081.24"
"10/16/2017","VISA","","KING SOOPERS 8055 SHERI ARVADA","$2.28","","$2083.52"
"10/16/2017","VISA","","LOAF N'JUG MINI 8080 S. LITTLETON","$4.96","","$2085.80"
"10/15/2017","VISA","","DAVIDSONS LIQUOR HIGHLANDS RAN CO #000","$11.54","","$2090.76"
"10/15/2017","VISA","","CHICK-FIL-A #03183LITTLETON CO #0000001","$16.98","","$2102.30"
"10/15/2017","VISA","","CORNER STORE 4118 HIGHLANDS RAN CO #000","$10.42","","$2119.28"
"10/15/2017","VISA","","KING SOOPERS 7901 S. BR LITTLETON","$59.21","","$2129.70"
"10/15/2017","VISA","","Wal-Mart Super Center 5 LITTLETON","$7.51","","$2188.91"
"10/15/2017","VISA","","CORNER STORE 1159 LITTLETON","$10.42","","$2196.42"
"10/14/2017","VISA","","OREILLY AUTO #4839 LITTLETON","$59.20","","$2206.84"
"10/14/2017","ATM","","LITTLETON QUINC 7870 WE DENVER","$28.75","","$2266.04"
"10/14/2017","VISA","","LOAF N JUG # 0809 LITTLETON CO #0000001","$25.22","","$2294.79"
"10/13/2017","VISA","","THE HOME DEPOT #1540 LITTLETON","$44.02","","$2320.01"
"10/13/2017","ACH","","LODE DATA CORPOR PAYROLL ~ Tran: ACHDD","","$1194.06","$2364.03"
"10/12/2017","VISA","","KING SOOPERS 7901 S. BR LITTLETON","$57.52","","$1169.97"
"10/12/2017","VISA","","CORNER STORE 1159 LITTLETON","$9.92","","$1227.49"
"10/12/2017","ATM","","LITTLETON FINAN 7870 WE DENVER","$23.75","","$1237.41"
"10/12/2017","VISA","","JIMMY JOHNS - 3248720-728-6727 CO #0000","$12.91","","$1261.16"
"10/12/2017","VISA","","LOAF N JUG # 0809 LITTLETON CO #0000001","$20.00","","$1274.07"
"10/12/2017","VISA","","CHICK-FIL-A #689  LITTLETON CO #0000001","$17.43","","$1294.07"
"10/12/2017","VISA","","KING SOOPERS 8055 SHERI ARVADA","$1.21","","$1311.50"
"10/11/2017","VISA","","SHELL Service Station LITTLETON","$9.60","","$1312.71"
"10/11/2017","VISA","","AMAZON MKTPLACE PMAMZN.COM/BILL WA #000","$4.00","","$1322.31"
"10/11/2017","VISA","","FIVE GUYS-CO # 110LONE TREE CO #0000001","$25.04","","$1326.31"
"10/11/2017","VISA","","KING SOOPERS 7901 S. BR LITTLETON","$79.15","","$1351.35"
"10/11/2017","VISA","","Amazon.com        AMZN.COM/BILL WA #000","$23.09","","$1430.50"
"10/11/2017","TRANSFER","","Transfer to Regular Savings -7737","$200.00","","$1453.59"
"10/11/2017","VISA","","7-ELEVEN 3650 HIGHLAND LITTLETON","$5.94","","$1653.59"
"10/10/2017","VISA","","MCDONALD'S F21390 LONETREE CO #00000019","$6.93","","$1659.53"
"10/10/2017","VISA","","PHILLIPS 66 - UNITLONE TREE CO #0000001","$10.00","","$1666.46"
"10/10/2017","VISA","","MAD GREENS - 0114 LONE TREE CO #0000001","$16.48","","$1676.46"
"10/10/2017","VISA","","KING SOOPERS 7901 S. BR LITTLETON","$24.65","","$1692.94"
"10/10/2017","ACH","","CAPITAL ONE ONLINE PMT 171009","$91.00","","$1717.59"
"10/10/2017","ACH","","EGGSTRODINARY RE PAYROLL ~ Tran: ACHDD","","$1055.14","$1808.59"
"10/09/2017","VISA","","KING SOOPERS 7901 S. BR LITTLETON","$21.88","","$753.45"
"10/09/2017","VISA","","THE HOME DEPOT #1540 LITTLETON","$6.27","","$775.33"
"10/09/2017","VISA","","SEI 37016 DENVER","$9.32","","$781.60"
"10/09/2017","VISA","","MCDONALD'S F18083 HIGHLANDS RAN CO #000","$5.24","","$790.92"
"10/09/2017","VISA","","THE COLLEGE INN   DENVER CO #0000001900","$44.88","","$796.16"
"10/09/2017","VISA","","LOAF N JUG # 0809 LITTLETON CO #0000001","$28.07","","$841.04"
"10/09/2017","VISA","","WENDYS #1660      LITTLETON CO #0000001","$3.61","","$869.11"
"10/09/2017","VISA","","KING SOOPERS 8055 SHERI ARVADA","$17.83","","$872.72"
"10/09/2017","VISA","","UNITED PACIFIC 6 LONE TREE","$4.68","","$890.55"
"10/08/2017","ATM","","LITTLETON QUINC 7870 WE DENVER","$53.75","","$895.23"
"10/08/2017","VISA","","THE HOME DEPOT #1540 LITTLETON","$96.55","","$948.98"
"10/08/2017","VISA","","TACO BELL PH 4078 LITTLETON CO #0000001","$10.98","","$1045.53"
"10/08/2017","VISA","","LOAF N'JUG MINI 8080 S. LITTLETON","$10.52","","$1056.51"
"10/07/2017","ATM","","COLLEGE INN 4400 E. 8TH DENVER","$43.00","","$1067.03"
"10/07/2017","VISA","","TASTE OF PHILLY   720-482-2438 CO #0000","$25.33","","$1110.03"
"10/07/2017","VISA","","FIREHOUSE SUBS #63LONE TREE CO #0000001","$19.43","","$1135.36"
"10/07/2017","VISA","","SHELL OIL 57443810ARVADA CO #0000001900","$8.47","","$1154.79"
"10/07/2017","VISA","","KING SOOPERS 8055 SHERI ARVADA","$5.40","","$1163.26"
"10/07/2017","VISA","","CORNER STORE 1159 LITTLETON","$10.60","","$1168.66"
"10/06/2017","VISA","","KING SOOPERS 9551 UNIVE HIGHLANDS RAN","$12.69","","$1179.26"
"10/06/2017","VISA","","KING SOOPERS 8055 SHERI ARVADA","$3.11","","$1191.95"
"10/06/2017","VISA","","GOOGLE *Floss     g.co/helppay# CA #000","$3.99","","$1195.06"
"10/06/2017","VISA","","KING SOOPERS 8055 SHERI ARVADA","$5.58","","$1199.05"
"10/06/2017","ACH","","COMCAST ONLINE PMT 171006","$148.44","","$1204.63"
"10/05/2017","VISA","","HOOTERS LONE TREE LONE TREE CO #0000001","$56.14","","$1353.07"
"10/05/2017","VISA","","MCDONALD'S F10561 LITTLETON CO #0000001","$7.07","","$1409.21"
"10/05/2017","VISA","","STARBUCKS STORE 06HIGHLANDS RAN CO #000","$7.46","","$1416.28"
"10/05/2017","ACH","","PAYPAL ECHECK 171003~ Tran: ACHDW","$80.00","","$1423.74"
"10/05/2017","ACH","","JPMorgan Chase Ext Trnsfr 171005~ Tran: ","","$990.00","$1503.74"
"10/04/2017","VISA","","CORNER STORE 4100 ENGLEWOOD","$10.60","","$513.74"
"10/04/2017","VISA","","TAMALE KITCHEN - 8HIGHLANDS RAN CO #000","$15.50","","$524.34"
"10/04/2017","VISA","","CONOCO - UNITED PAHIGHLANDS RAN CO #000","$15.00","","$539.84"
"10/04/2017","ACH","","PAYPAL INST XFER 171003","$8.99","","$554.84"
"10/03/2017","VISA","","KING SOOPERS 7901 S. BR LITTLETON","$25.69","","$563.83"
"10/03/2017","VISA","","AMAZON MKTPLACE PMAMZN.COM/BILL WA #000","$62.82","","$589.52"
"10/03/2017","VISA","","LOAF N JUG # 0809 LITTLETON CO #0000001","$30.07","","$652.34"
"10/03/2017","VISA","","WENDYS #1660      LITTLETON CO #0000001","$15.74","","$682.41"
"10/03/2017","ACH","","121 FCU ONLINE PMT 171003","$150.00","","$698.15"
"10/03/2017","ACH","","PL*HighlandsRanc WEB PMTS 100317","$144.00","","$848.15"
"10/03/2017","ACH","","XCEL ENERGY-PSCO ONLINE PMT 171003","$134.12","","$992.15"
"10/02/2017","VISA","","MCDONALD'S F25575 LITTLETON CO #0000001","$21.17","","$1126.27"
"10/02/2017","VISA","","MCDONALD'S F10561 LITTLETON CO #0000001","$5.35","","$1147.44"
"10/02/2017","VISA","","KING SOOPERS 8055 SHERI ARVADA","$27.80","","$1152.79"
"10/02/2017","VISA","","KING SOOPERS 8055 SHERI ARVADA","$11.44","","$1180.59"
"10/02/2017","ACH","","WELLS FARGO MTG ONLINE PMT 171002","$2300.00","","$1192.03"
"10/01/2017","VISA","","SINCLAIR I-70 15495 WES GOLDEN","$2.60","","$3492.03"
"10/01/2017","VISA","","TASTE OF PHILLY LILITTLETON CO #0000001","$9.64","","$3494.63"
"10/01/2017","VISA","","DAVIDSONS LIQUOR HIGHLANDS RAN CO #000","$28.33","","$3504.27"
"10/01/2017","VISA","","SHELL Service Station ARVADA","$8.47","","$3532.60"
"09/30/2017","VISA","","MCDONALD'S F31101 LAKEWOOD CO #00000019","$5.36","","$3541.07"
"09/30/2017","VISA","","LOAF N JUG # 0809 LITTLETON CO #0000001","$29.01","","$3546.43"
"09/30/2017","VISA","","KING SOOPERS 8055 SHERI ARVADA","$17.43","","$3575.44"
"09/30/2017","VISA","","KING SOOPERS 7901 S. BR LITTLETON","$24.35","","$3592.87"
"09/30/2017","VISA","","SHELL Service Station ARVADA","$8.47","","$3617.22"
"09/30/2017","ATM","","LITTLETON QUINC 7870 WE DENVER","$77.00","","$3625.69"
"09/29/2017","INTADJUST","","Interest Paid","","$0.21","$3702.69"
"09/29/2017","ATMREBATE","","ATM Fee Rebate","","$8.00","$3702.48"
"09/29/2017","VISA","","TRADER JOE'S #306 LITTLETON CO #0000001","$32.60","","$3694.48"
"09/29/2017","VISA","","MCDONALD'S F10561 LITTLETON CO #0000001","$8.89","","$3727.08"
"09/29/2017","TRANSFER","","Transfer to Regular Savings -7737","$50.00","","$3735.97"
"09/29/2017","VISA","","KING SOOPERS 7901 S. BR LITTLETON","$19.52","","$3785.97"
"09/29/2017","ACH","","LODE DATA CORPOR PAYROLL ~ Tran: ACHDD","","$1194.06","$3805.49"
"09/29/2017","ACH","","LODE DATA CORPOR PAYROLL ~ Tran: ACHDD","","$210.30","$2611.43"
"09/28/2017","VISA","","SHELL Service Station LITTLETON","$8.47","","$2401.13"
"09/28/2017","ATM","","LITTLETON QUINC 7870 WE DENVER","$32.00","","$2409.60"
"09/28/2017","VISA","","CORNER STORE 1159 LITTLETON","$15.36","","$2441.60"
"09/28/2017","VISA","","WENDYS #1660      LITTLETON CO #0000001","$18.21","","$2456.96"
"09/28/2017","VISA","","STARBUCKS STORE 06HIGHLANDS RAN CO #000","$7.67","","$2475.17"
"09/27/2017","VISA","","SHELL Service Station LITTLETON","$8.47","","$2482.84"
"09/27/2017","VISA","","TAMALE KITCHEN - 8HIGHLANDS RAN CO #000","$16.98","","$2491.31"
"09/26/2017","VISA","","CHILI'S JEFFERSON LITTLETON CO #0000001","$44.70","","$2508.29"
"09/26/2017","ACH","","JPMorgan Chase Ext Trnsfr 170926~ Tran: ","","$60.00","$2552.99"
"09/25/2017","VISA","","CORNER STORE 1159 LITTLETON","$14.80","","$2492.99"
"09/25/2017","VISA","","MCDONALD'S F10561 LITTLETON CO #0000001","$5.35","","$2507.79"
"09/25/2017","VISA","","LOAF N JUG # 0809 LITTLETON CO #0000001","$30.00","","$2513.14"
"09/25/2017","VISA","","COLUMBINE ANIMAL HLITTLETON CO #0000001","$42.30","","$2543.14"
"09/25/2017","VISA","","MCDONALD'S F19476 LITTLETON CO #0000001","$5.24","","$2585.44"
"09/25/2017","ACH","","EGGSTRODINARY RE PAYROLL ~ Tran: ACHDD","","$1055.14","$2590.68"
"09/24/2017","ATM","","LITTLETON QUINC 7870 WE DENVER","$22.00","","$1535.54"
"09/24/2017","VISA","","THE HOME DEPOT #1540 LITTLETON","$61.52","","$1557.54"
"09/24/2017","VISA","","SHELL Service Station ARVADA","$8.47","","$1619.06"
"09/24/2017","VISA","","THE HOME DEPOT #1540 LITTLETON","$6.27","","$1627.53"
"09/24/2017","VISA","","ARBY'S 8491       LITTLETON CO #0000001","$17.12","","$1633.80"
"09/24/2017","VISA","","CHICK-FIL-A #689  LITTLETON CO #0000001","$15.56","","$1650.92"
"09/24/2017","VISA","","DAVIDSONS LIQUOR HIGHLANDS RAN CO #000","$75.56","","$1666.48"
"09/23/2017","VISA","","THE HOME DEPOT #1540 LITTLETON","","$12.21","$1742.04"
"09/23/2017","VISA","","THE HOME DEPOT #1540 LITTLETON","$14.99","","$1729.83"
"09/23/2017","VISA","","KING SOOPERS 25367 CONI CONIFER","$4.09","","$1744.82"
"09/23/2017","VISA","","SHELL Service Station ARVADA","$8.47","","$1748.91"
"09/22/2017","VISA","","7-ELEVEN 3650 HIGHLAND LITTLETON","$6.60","","$1757.38"
"09/22/2017","VISA","","MCDONALD'S F10561 LITTLETON CO #0000001","$8.03","","$1763.98"
"09/22/2017","ACH","","AT&T MOBILITY ONLINE PMT 170922","$313.82","","$1772.01"
"09/21/2017","VISA","","KING SOOPERS 6370 SHERI ARVADA","$10.57","","$2085.83"
"09/21/2017","VISA","","KING SOOPERS 8055 SHERI ARVADA","$20.54","","$2096.40"
"09/21/2017","VISA","","LOAF N JUG # 0809 LITTLETON CO #0000001","$27.01","","$2116.94"
"09/21/2017","VISA","","STARBUCKS STORE 17ENGLEWOOD CO #0000001","$6.93","","$2143.95"
"09/20/2017","VISA","","KING SOOPERS 7901 S. BR LITTLETON","$7.78","","$2150.88"
"09/20/2017","VISA","","STATE FARM INSURAN800-956-6310 IL #0000","$145.90","","$2158.66"
"09/20/2017","VISA","","FIREHOUSE SUBS #63LONE TREE CO #0000001","$1.43","","$2304.56"
"09/20/2017","VISA","","LOAF N'JUG MINI 8080 S. LITTLETON","$10.27","","$2305.99"
"09/20/2017","ACH","","JPMorgan Chase Ext Trnsfr 170920~ Tran: ","","$555.00","$2316.26"
"09/19/2017","VISA","","E 470 EXPRESS TOLL303-5373470 CO #00000","$35.05","","$1761.26"
"09/19/2017","VISA","","WENDYS #1660      LITTLETON CO #0000001","$16.07","","$1796.31"
"09/19/2017","VISA","","DAVIDSONS LIQUOR HIGHLANDS RAN CO #000","$4.18","","$1812.38"
"09/18/2017","VISA","","DAVIDSONS LIQUOR HIGHLANDS RAN CO #000","$14.68","","$1816.56"
"09/18/2017","VISA","","KING SOOPERS 7901 S. BR LITTLETON","$40.83","","$1831.24"
"09/18/2017","VISA","","KING SOOPERS 7901 S. BR LITTLETON","$8.98","","$1872.07"
"09/17/2017","VISA","","SINCLAIR I-70 15495 WES GOLDEN","$12.36","","$1881.05"
"09/17/2017","VISA","","KING SOOPERS 8055 SHERI ARVADA","$27.50","","$1893.41"
"09/17/2017","VISA","","PHILLIPS 66 - UNITARVADA CO #0000001900","$28.76","","$1920.91"
"09/17/2017","VISA","","STARBUCKS STORE 10LITTLETON CO #0000001","$9.45","","$1949.67"
"09/17/2017","VISA","","KING SOOPERS 8055 SHERI ARVADA","$28.05","","$1959.12"
"09/16/2017","VISA","","NOODLES & CO WEB 1olo.com CO #000000190","$25.73","","$1987.17"
"09/16/2017","VISA","","TAMALE KITCHEN - LLITTLETON CO #0000001","$4.20","","$2012.90"
"09/16/2017","VISA","","CHICK-FIL-A #689  LITTLETON CO #0000001","$2.99","","$2017.10"
"09/16/2017","VISA","","STARBUCKS STORE 06HIGHLANDS RAN CO #000","$2.78","","$2020.09"
"09/16/2017","VISA","","CORNER STORE 1159 LITTLETON","$33.02","","$2022.87"
"09/16/2017","VISA","","CORNER STORE 1159 LITTLETON","$10.20","","$2055.89"
"09/16/2017","VISA","","KING SOOPERS 9551 UNIVE HIGHLANDS RAN","$54.09","","$2066.09"
"09/15/2017","TRANSFER","","Transfer to Regular Savings -7737","$50.00","","$2120.18"
"09/15/2017","VISA","","MCDONALD'S F21028 LITTLETON CO #0000001","$8.14","","$2170.18"
"09/15/2017","VISA","","HYPE VAPES        LITTLETON CO #0000001","$10.73","","$2178.32"
"09/15/2017","VISA","","SQ *ADVANCED LOCKSLITTLETON CO #0000001","$250.00","","$2189.05"
"09/15/2017","VISA","","PARRY`S PIZZA III HIGHLANDS RAN CO #000","$54.07","","$2439.05"
"09/15/2017","VISA","","SHELL Service Station ARVADA","$8.47","","$2493.12"
"09/15/2017","ACH","","SECURITY SVC FCU ONLINE PMT 170915","$555.89","","$2501.59"
"09/15/2017","ACH","","LODE DATA CORPOR PAYROLL ~ Tran: ACHDD","","$1383.12","$3057.48"
"09/14/2017","VISA","","THE PIPE JOINT    LITTLETON CO #0000001","$27.00","","$1674.36"
"09/14/2017","VISA","","AMC HIGHLANDS RNCHHIGHLANDS RAN CO #000","$15.63","","$1701.36"
"09/14/2017","VISA","","FANDANGO.COM      FANDANGO.COM CA #0000","$35.98","","$1716.99"
"09/14/2017","VISA","","LOAF N'JUG MINI 8080 S. LITTLETON","$10.27","","$1752.97"
"09/13/2017","VISA","","KING SOOPERS 7901 S. BR LITTLETON","$6.68","","$1763.24"
"09/13/2017","VISA","","MCDONALD'S F18783 HIGHLANDS RAN CO #000","$2.10","","$1769.92"
"09/13/2017","VISA","","CHICK-FIL-A #689  LITTLETON CO #0000001","$2.40","","$1772.02"
"09/13/2017","VISA","","CHICK-FIL-A #03183LITTLETON CO #0000001","$15.40","","$1774.42"
"09/12/2017","VISA","","CORNER STORE 1141 LITTLETON","$10.20","","$1789.82"
"09/12/2017","ATM","","LITTLETON FINAN 7870 WE DENVER","$67.00","","$1800.02"
"09/12/2017","VISA","","LOAF N JUG # 0809 LITTLETON CO #0000001","$29.18","","$1867.02"
"09/12/2017","VISA","","WENDYS #1660      LITTLETON CO #0000001","$14.24","","$1896.20"
"09/11/2017","VISA","","KING SOOPERS 17031 LINC PARKER","$28.48","","$1910.44"
"09/11/2017","VISA","","MCDONALD'S F10561 LITTLETON CO #0000001","$4.92","","$1938.92"
"09/11/2017","TRANSFER","","Transfer to Regular Savings -7737","$25.00","","$1943.84"
"09/11/2017","VISA","","LOAF N'JUG MINI 8080 S. LITTLETON","$10.27","","$1968.84"
"09/11/2017","ACH","","EGGSTRODINARY RE PAYROLL ~ Tran: ACHDD","","$1055.14","$1979.11"
"09/11/2017","ATM","","LITTLETON 7870 WEST QUI DENVER","$87.00","","$923.97"
"09/10/2017","VISA","","MCDONALD'S F7060  GONZALES LA #00000019","$6.98","","$1010.97"
"09/10/2017","VISA","","CORNER STORE 1159 LITTLETON","$10.20","","$1017.95"
"09/09/2017","VISA","","BURGER KING #3609 LITTLETON CO #0000001","$9.38","","$1028.15"
"09/09/2017","VISA","","LOAF N JUG # 0809 LITTLETON CO #0000001","$20.02","","$1037.53"
"09/08/2017","VISA","","KING SOOPERS 8055 SHERI ARVADA","$2.08","","$1057.55"
"09/08/2017","ACH","","COMCAST ONLINE PMT 170908","$127.39","","$1059.63"
"09/07/2017","VISA","","KING SOOPERS 7901 S. BR LITTLETON","$31.86","","$1187.02"
"09/06/2017","VISA","","MCDONALD'S F10561 LITTLETON CO #0000001","$7.71","","$1218.88"
"09/06/2017","VISA","","CIRCLE K # 06803  GONZALES LA #00000019","$11.00","","$1226.59"
"09/06/2017","VISA","","WM SUPERCENTER # Wal-Ma HIGHLANDS RAN","$78.66","","$1237.59"
"09/06/2017","ACH","","PAYPAL ECHECK 170904~ Tran: ACHDW","$38.00","","$1316.25"
"09/06/2017","ACH","","JPMorgan Chase Ext Trnsfr 170906~ Tran: ","","$615.00","$1354.25"
"09/05/2017","VISA","","QDOBA 2094        HIGHLANDS RAN CO #000","$10.29","","$739.25"
"09/05/2017","VISA","","MARINA SQUARE WINEDENVER CO #0000001900","$7.55","","$749.54"
"09/05/2017","VISA","","SLATTERY'S IRISH PGREENWOOD VIL CO #000","$27.00","","$757.09"
"09/05/2017","VISA","","CORNER STORE 1159 HIGHLANDS RAN CO #000","$29.40","","$784.09"
"09/05/2017","VISA","","WENDYS #1660      LITTLETON CO #0000001","$7.71","","$813.49"
"09/05/2017","ACH","","CAPITAL ONE ONLINE PMT 170901","$350.00","","$821.20"
"09/04/2017","VISA","","KING SOOPERS 8055 SHERI ARVADA","$31.93","","$1171.20"
"09/04/2017","VISA","","CHICK-FIL-A #03183LITTLETON CO #0000001","$16.01","","$1203.13"
"09/04/2017","VISA","","PROM DISCOUNT LIQUHGHLNDS RANCH CO #000","$8.58","","$1219.14"
"09/04/2017","VISA","","SEI 37016 49922 N WILLO DENVER","$24.56","","$1227.72"
"09/03/2017","VISA","","KING SOOPERS 6000 S. HO GREENWOOD VIL","$10.90","","$1252.28"
"09/03/2017","VISA","","KING SOOPERS 8055 SHERI ARVADA","$9.61","","$1263.18"
"09/03/2017","VISA","","CHILI VERDE       DENEVR CO #0000001900","$20.00","","$1272.79"
"09/03/2017","VISA","","CORNER STORE 4118 HIGHLANDS RAN CO #000","$51.01","","$1292.79"
"09/03/2017","VISA","","PROM DISCOUNT LIQUHGHLNDS RANCH CO #000","$8.58","","$1343.80"
"09/02/2017","VISA","","STARBUCKS STORE 06HIGHLANDS RAN CO #000","$9.87","","$1352.38"
"09/01/2017","VISA","","KING SOOPERS 6370 SHERI ARVADA","$27.00","","$1362.25"
"09/01/2017","VISA","","TAMALE KITCHEN - 8HIGHLANDS RAN CO #000","$15.50","","$1389.25"
"09/01/2017","VISA","","CARL'S JR #7736   PARKER CO #0000001900","$8.07","","$1404.75"
"09/01/2017","VISA","","PARRY`S PIZZA III HIGHLANDS RAN CO #000","$38.99","","$1412.82"
"09/01/2017","ACH","","WELLS FARGO MTG ONLINE PMT 170901","$2300.00","","$1451.81"
"09/01/2017","ACH","","121 FCU ONLINE PMT 170901","$150.00","","$3751.81"
"09/01/2017","ACH","","XCEL ENERGY-PSCO ONLINE PMT 170901","$109.44","","$3901.81"
"08/31/2017","INTADJUST","","Interest Paid","","$0.29","$4011.25"
"08/31/2017","ATMREBATE","","ATM Fee Rebate","","$16.95","$4010.96"
"08/31/2017","ATM","","LITTLETON QUINC 7870 WE DENVER","$32.00","","$3994.01"
"08/31/2017","VISA","","SHELL Service Station LITTLETON","$8.47","","$4026.01"
"08/31/2017","VISA","","MCDONALD'S F10561 LITTLETON CO #0000001","$7.07","","$4034.48"
"08/31/2017","VISA","","MCDONALD'S F18783 HIGHLANDS RAN CO #000","$5.03","","$4041.55"
"08/31/2017","VISA","","E 470 EXPRESS TOLL303-5373470 CO #00000","$25.30","","$4046.58"
"08/31/2017","VISA","","STARBUCKS STORE 17ENGLEWOOD CO #0000001","$8.61","","$4071.88"
"08/31/2017","VISA","","DAVIDSONS LIQUOR HIGHLANDS RAN CO #000","$25.00","","$4080.49"
"08/31/2017","ACH","","LODE DATA CORPOR PAYROLL ~ Tran: ACHDD","","$1507.81","$4105.49"
"08/30/2017","VISA","","Amazon Digital Svc866-216-1072 WA #0000","$6.00","","$2597.68"
"08/30/2017","VISA","","STARBUCKS STORE 17ENGLEWOOD CO #0000001","$4.99","","$2603.68"
"08/30/2017","VISA","","SHELL Service Station HIGHLANDS RAN","$12.37","","$2608.67"
"08/30/2017","VISA","","Wal-Mart Super Center 1 HIGHLANDS RAN","$78.41","","$2621.04"
"08/29/2017","VISA","","KING SOOPERS 12350 W. 6 ARVADA","$6.64","","$2699.45"
"08/29/2017","VISA","","TACO BELL PH 4078 LITTLETON CO #0000001","$12.81","","$2706.09"
"08/29/2017","VISA","","CORNER STORE 1159 LITTLETON","$10.20","","$2718.90"
"08/28/2017","VISA","","KING SOOPERS 9551 UNIVE HIGHLANDS RAN","$30.23","","$2729.10"
"08/28/2017","VISA","","THE SUNSET GRILLE CENTENNIAL CO #000000","$45.45","","$2759.33"
"08/28/2017","VISA","","KING SOOPERS 8055 SHERI ARVADA","$8.69","","$2804.78"
"08/28/2017","VISA","","CORNER STORE 1183 ARVADA","$32.50","","$2813.47"
"08/28/2017","ACH","","EGGSTRODINARY RE PAYROLL ~ Tran: ACHDD","","$870.69","$2845.97"
"08/27/2017","VISA","","MCDONALD'S F10392 LITTLETON CO #0000001","$5.37","","$1975.28"
"08/27/2017","VISA","","KING SOOPERS 8055 SHERI ARVADA","$1.36","","$1980.65"
"08/27/2017","VISA","","KING SOOPERS 8055 SHERI ARVADA","$19.19","","$1982.01"
"08/26/2017","VISA","","KING SOOPERS 7901 S. BR LITTLETON","$58.11","","$2001.20"
"08/26/2017","ATM","","LITTLETON QUINC 7870 WE DENVER","$22.00","","$2059.31"
"08/26/2017","VISA","","CHICK-FIL-A #689  LITTLETON CO #0000001","$14.91","","$2081.31"
"08/26/2017","VISA","","STARBUCKS STORE 06HIGHLANDS RAN CO #000","$4.99","","$2096.22"
"08/26/2017","VISA","","SHELL Service Station ARVADA","$8.47","","$2101.21"
"08/25/2017","VISA","","CORNER STORE 1159 LITTLETON","$10.20","","$2109.68"
"08/25/2017","VISA","","TAMALE KITCHEN - 8HIGHLANDS RAN CO #000","$7.36","","$2119.88"
"08/25/2017","VISA","","KING SOOPERS #0603ARVADA CO #0000001900","$10.75","","$2127.24"
"08/25/2017","VISA","","CHICK-FIL-A #689  LITTLETON CO #0000001","$7.89","","$2137.99"
"08/25/2017","VISA","","COLUMBINE ANIMAL HLITTLETON CO #0000001","$38.27","","$2145.88"
"08/24/2017","VISA","","KING SOOPERS 8055 SHERI ARVADA","$104.45","","$2184.15"
"08/24/2017","VISA","","KING SOOPERS 6370 SHERI ARVADA","$27.00","","$2288.60"
"08/23/2017","VISA","","ARBY'S #6878      LITTLETON CO #0000001","$18.97","","$2315.60"
"08/23/2017","VISA","","MCDONALD'S F18783 HIGHLANDS RAN CO #000","$5.03","","$2334.57"
"08/23/2017","VISA","","PAW PRINTS        HIGHLANDS RAN CO #000","$54.58","","$2339.60"
"08/23/2017","VISA","","CHICK-FIL-A #03183LITTLETON CO #0000001","$7.46","","$2394.18"
"08/23/2017","VISA","","SHELL Service Station ARVADA","$8.47","","$2401.64"
"08/22/2017","VISA","","THE THIRSTY BEAR  LAKEWOOD CO #00000019","$44.14","","$2410.11"
"08/22/2017","ACH","","AT&T MOBILITY ONLINE PMT 170822","$247.61","","$2454.25"
"08/21/2017","ATM","","STORE #148-SHER 6400 SH ARVADA","$42.00","","$2701.86"
"08/21/2017","VISA","","SHELL Service Station ARVADA","$8.47","","$2743.86"
"08/21/2017","VISA","","MCDONALD'S F18783 HIGHLANDS RAN CO #000","$4.40","","$2752.33"
"08/21/2017","VISA","","PROM DISCOUNT LIQUHGHLNDS RANCH CO #000","$8.58","","$2756.73"
"08/21/2017","VISA","","PAW PRINTS        HIGHLANDS RAN CO #000","$12.52","","$2765.31"
"08/21/2017","VISA","","STARBUCKS STORE 05HIGHLANDS RAN CO #000","$10.19","","$2777.83"
"08/20/2017","VISA","","MCDONALD'S F21028 LITTLETON CO #0000001","$6.92","","$2788.02"
"08/20/2017","VISA","","SHELL Service Station ARVADA","$8.47","","$2794.94"
"08/19/2017","VISA","","KING SOOPERS 6370 SHERI ARVADA","$23.50","","$2803.41"
"08/19/2017","VISA","","MCDONALD'S F18783 HIGHLANDS RAN CO #000","$5.03","","$2826.91"
"08/19/2017","VISA","","BUFFALO WILD WINGSLAKEWOOD CO #00000019","$24.36","","$2831.94"
"08/19/2017","VISA","","STATE FARM INSURAN800-956-6310 IL #0000","$145.90","","$2856.30"
"08/19/2017","VISA","","SHELL Service Station ARVADA","$8.47","","$3002.20"
"08/18/2017","VISA","","MCDONALD'S F10561 LITTLETON CO #0000001","$5.35","","$3010.67"
"08/18/2017","VISA","","PROM DISCOUNT LIQUHGHLNDS RANCH CO #000","$8.58","","$3016.02"
"08/18/2017","VISA","","LOAF N JUG # 0809 LITTLETON CO #0000001","$24.61","","$3024.60"
"08/18/2017","VISA","","SHELL OIL 57443809LITTLETON CO #0000001","$8.47","","$3049.21"
"08/18/2017","ACH","","JPMorgan Chase Ext Trnsfr 170818~ Tran: ","","$1030.17","$3057.68"
"08/17/2017","VISA","","CORNER STORE 1159 LITTLETON","$10.20","","$2027.51"
"08/17/2017","VISA","","Amazon.com        AMZN.COM/BILL WA #000","$66.14","","$2037.71"
"08/17/2017","ACH","","SECURITY SVC FCU ONLINE PMT 170817","$555.89","","$2103.85"
"08/16/2017","VISA","","KING SOOPERS 9551 UNIVE HIGHLANDS RAN","$16.84","","$2659.74"
"08/16/2017","VISA","","KING SOOPERS 7901 S. BR LITTLETON","$108.13","","$2676.58"
"08/16/2017","VISA","","CAR WASH EXPRESS -HGHLNDS RANCH CO #000","$17.00","","$2784.71"
"08/16/2017","VISA","","LOAF N JUG # 0809 LITTLETON CO #0000001","$21.01","","$2801.71"
"08/16/2017","VISA","","CO MOTOR VEHICLE SDENVER CO #0000001900","$380.66","","$2822.72"
"08/15/2017","VISA","","PANDA EXPRESS #545HIGHLANDS RAN CO #000","$19.85","","$3203.38"
"08/15/2017","VISA","","AMAZON MKTPLACE PMAMZN.COM/BILL WA #000","$24.99","","$3223.23"
"08/15/2017","VISA","","STARBUCKS STORE 06HIGHLANDS RAN CO #000","$4.99","","$3248.22"
"08/15/2017","ACH","","LODE DATA CORPOR PAYROLL ~ Tran: ACHDD","","$1194.07","$3253.21"
"08/14/2017","VISA","","KING SOOPERS 8126 WADSW LITTLETON","$26.43","","$2059.14"
"08/14/2017","ATM","","COLORADO CREDIT UNION 8 LITTLETON","$100.00","","$2085.57"
"08/14/2017","VISA","","TAMALE KITCHEN - 8HIGHLANDS RAN CO #000","$7.36","","$2185.57"
"08/14/2017","VISA","","MCDONALD'S F10561 LITTLETON CO #0000001","$7.82","","$2192.93"
"08/14/2017","VISA","","STARBUCKS STORE 06HIGHLANDS RAN CO #000","$4.88","","$2200.75"
"08/14/2017","VISA","","WM SUPERCENTER # Wal-Ma LITTLETON","$43.06","","$2205.63"
"08/14/2017","VISA","","SHELL Service Station LITTLETON","$8.47","","$2248.69"
"08/14/2017","ACH","","EGGSTRODINARY RE PAYROLL ~ Tran: ACHDD","","$993.02","$2257.16"
"08/13/2017","VISA","","KING SOOPERS 7901 S. BR LITTLETON","$2.99","","$1264.14"
"08/13/2017","VISA","","THE HOME DEPOT #1540 LITTLETON","$112.14","","$1267.13"
"08/13/2017","VISA","","KING SOOPERS 8055 SHERI ARVADA","$12.49","","$1379.27"
"08/13/2017","VISA","","TAMALE KITCHEN - 8HIGHLANDS RAN CO #000","$7.62","","$1391.76"
"08/13/2017","VISA","","MCDONALD'S F10561 LITTLETON CO #0000001","$7.07","","$1399.38"
"08/13/2017","VISA","","WHOLEFDS HLR 101 9366 S HIGHLANDS RAN","$12.87","","$1406.45"
"08/13/2017","VISA","","SHELL Service Station LITTLETON","$8.47","","$1419.32"
"08/11/2017","VISA","","CORNER STORE 1159 LITTLETON","$35.00","","$1427.79"
"08/11/2017","ATM","","LITTLETON QUINC 7870 WE DENVER","$7.00","","$1462.79"
"08/11/2017","VISA","","SHELL Service Station ARVADA","$8.47","","$1469.79"
"08/10/2017","ATM","","KING SOOPERS #1 8065 SH ARVADA","$43.00","","$1478.26"
"08/10/2017","VISA","","KING SOOPERS 8055 SHERI ARVADA","$21.93","","$1521.26"
"08/10/2017","VISA","","TACO BELL PH 4078 LITTLETON CO #0000001","$6.19","","$1543.19"
"08/09/2017","VISA","","SHELL Service Station ARVADA","$11.16","","$1549.38"
"08/08/2017","VISA","","SHELL Service Station LITTLETON","$8.47","","$1560.54"
"08/08/2017","ACH","","COMCAST ONLINE PMT 170808","$122.71","","$1569.01"
"08/07/2017","VISA","","E 470 EXPRESS TOLL303-5373470 CO #00000","$41.75","","$1691.72"
"08/07/2017","VISA","","PARRY`S PIZZA III HIGHLANDS RAN CO #000","$22.37","","$1733.47"
"08/07/2017","VISA","","THE BOARDROOM     LITTLETON CO #0000001","$44.75","","$1755.84"
"08/07/2017","VISA","","Freddys Frozen CusHIGHLANDS RAN CO #000","$9.44","","$1800.59"
"08/07/2017","VISA","","STARBUCKS STORE 06HIGHLANDS RAN CO #000","$4.99","","$1810.03"
"08/07/2017","VISA","","KING SOOPERS 8126 WADSW LITTLETON","$31.60","","$1815.02"
"08/07/2017","ACH","","PAYPAL ECHECK 170805","$37.00","","$1846.62"
"08/06/2017","VISA","","SHELL Service Station ARVADA","$32.00","","$1883.62"
"08/06/2017","VISA","","KING SOOPERS 8055 SHERI ARVADA","$88.83","","$1915.62"
"08/06/2017","VISA","","ARBY'S 8491       LITTLETON CO #0000001","$17.34","","$2004.45"
"08/06/2017","VISA","","TAMALE KITCHEN - 8HIGHLANDS RAN CO #000","$3.94","","$2021.79"
"08/06/2017","VISA","","CORNER STORE 4118 HIGHLANDS RAN CO #000","$9.58","","$2025.73"
"08/06/2017","VISA","","PROM DISCOUNT LIQUHGHLNDS RANCH CO #000","$22.34","","$2035.31"
"08/06/2017","VISA","","SHELL Service Station ARVADA","$8.47","","$2057.65"
"08/05/2017","ATM","","Wells Fargo Ban HIGHLAN HIGHLANDS RAN","$303.00","","$2066.12"
"08/05/2017","VISA","","AMAZON MKTPLACE PMAMZN.COM/BILL WA #000","$13.50","","$2369.12"
"08/05/2017","VISA","","CHICK-FIL-A #03183LITTLETON CO #0000001","$15.19","","$2382.62"
"08/05/2017","VISA","","STARBUCKS STORE 06HIGHLANDS RAN CO #000","$6.20","","$2397.81"
"08/04/2017","ACH","","XCEL ENERGY-PSCO ONLINE PMT 170804","$188.93","","$2404.01"
"08/03/2017","ATM","","Cardtronics CCS .8500 W DENVER","$162.95","","$2592.94"
"08/03/2017","VISA","","MCDONALD'S F18783 HIGHLANDS RAN CO #000","$4.40","","$2755.89"
"08/03/2017","VISA","","MAD GREENS - 0114 LONE TREE CO #0000001","$10.28","","$2760.29"
"08/03/2017","ACH","","121 FCU ONLINE PMT 170803","$150.00","","$2770.57"
"08/03/2017","ACH","","JPMorgan Chase Ext Trnsfr 170803~ Tran: ","","$450.00","$2920.57"
"08/02/2017","VISA","","TARGET T-0271 1950 E Co Highlands Ran","$5.66","","$2470.57"
"08/02/2017","VISA","","CORNER STORE 1159 LITTLETON","$9.58","","$2476.23"
"08/02/2017","VISA","","SHELL Service Station LITTLETON","$32.53","","$2485.81"
"08/02/2017","VISA","","SHELL Service Station LITTLETON","$2.13","","$2518.34"
"08/02/2017","VISA","","MCDONALD'S F18783 HIGHLANDS RAN CO #000","$4.40","","$2520.47"
"08/02/2017","VISA","","PAW PRINTS        HIGHLANDS RAN CO #000","$27.28","","$2524.87"
"08/02/2017","VISA","","WENDY'S #10501    HIGHLANDS RAN CO #000","$8.39","","$2552.15"
"08/02/2017","DEPOSIT","","Deposit Mobile Banking","","$300.00","$2560.54"
"08/01/2017","VISA","","MCDONALD'S F18783 HIGHLANDS RAN CO #000","$5.03","","$2260.54"
"08/01/2017","VISA","","CULINARY CREATIONS720-4822438 CO #00000","$20.40","","$2265.57"
"08/01/2017","VISA","","SHELL Service Station ARVADA","$8.47","","$2285.97"
"08/01/2017","ACH","","WELLS FARGO MTG ONLINE PMT 170801","$2300.00","","$2294.44"
"08/01/2017","ACH","","CAPITAL ONE ONLINE PMT 170731","$200.00","","$4594.44"
"08/01/2017","VISA","","THE HOME DEPOT #1540 LITTLETON","$61.25","","$4794.44"
"07/31/2017","INTADJUST","","Interest Paid","","$0.33","$4855.69"
"07/31/2017","ATMREBATE","","ATM Fee Rebate","","$5.00","$4855.36"
"07/31/2017","VISA","","WM SUPERCENTER # Wal-Ma LITTLETON","$21.85","","$4850.36"
"07/31/2017","VISA","","MCDONALD'S F10561 LITTLETON CO #0000001","$4.07","","$4872.21"
"07/31/2017","VISA","","SHELL Service Station ARVADA","$8.47","","$4876.28"
"07/31/2017","ACH","","LODE DATA CORPOR PAYROLL ~ Tran: ACHDD","","$1194.06","$4884.75"
"07/31/2017","ACH","","EGGSTRODINARY RE PAYROLL ~ Tran: ACHDD","","$1156.83","$3690.69"
"07/31/2017","ACH","","LODE DATA CORPOR PAYROLL ~ Tran: ACHDD","","$210.30","$2533.86"
"07/30/2017","VISA","","CORNER STORE 4118 HIGHLANDS RAN","$2.30","","$2323.56"
"07/29/2017","VISA","","SHELL Service Station ARVADA","$30.00","","$2325.86"
"07/29/2017","VISA","","BAD DADDY'S BURGERGREENWOOD VIL CO #000","$47.90","","$2355.86"
"07/28/2017","VISA","","SHELL OIL 57443810ARVADA CO #0000001900","$8.47","","$2403.76"
"07/28/2017","VISA","","STARBUCKS STORE 06HIGHLANDS RAN CO #000","$10.19","","$2412.23"
"07/26/2017","VISA","","KING SOOPERS 8055 SHERI ARVADA","$21.15","","$2422.42"
"07/25/2017","VISA","","SHELL Service Station ARVADA","$33.47","","$2443.57"
"07/24/2017","VISA","","PHILLIPS 66 - TSE LITTLETON CO #0000001","$22.74","","$2477.04"
"07/24/2017","VISA","","CORNER STORE 1159 LITTLETON","$9.58","","$2499.78"
"07/23/2017","VISA","","SHELL Service Station LITTLETON","$5.01","","$2509.36"
"07/22/2017","VISA","","SHELL Service Station ARVADA","$31.00","","$2514.37"
"07/21/2017","VISA","","COLUMBINE ANIMAL HLITTLETON CO #0000001","$38.27","","$2545.37"
"07/21/2017","ACH","","AT&T MOBILITY ONLINE PMT 170721","$230.94","","$2583.64"
"07/21/2017","ACH","","JPMorgan Chase Ext Trnsfr 170721~ Tran: ","","$680.00","$2814.58"
"07/20/2017","VISA","","KING SOOPERS 9551 UNIVE HIGHLANDS RAN","$9.72","","$2134.58"
"07/20/2017","VISA","","SINCLAIR I-70 15495 WES GOLDEN","$12.36","","$2144.30"
"07/20/2017","ATM","","Cardtronics CCS 7701 E GREENWOOD VIL","$163.00","","$2156.66"
"07/20/2017","VISA","","MCDONALD'S F19476 LITTLETON CO #0000001","$4.91","","$2319.66"
"07/20/2017","VISA","","FIVE GUYS #420    HIGHLANDS RAN CO #000","$22.74","","$2324.57"
"07/20/2017","VISA","","STARBUCKS STORE 17ENGLEWOOD CO #0000001","$11.18","","$2347.31"
"07/19/2017","VISA","","KING SOOPERS 9551 UNIVE HIGHLANDS RAN","$27.80","","$2358.49"
"07/19/2017","VISA","","BRONCOS 7K DENVE 2STRIPE.COM CA #000000","$44.75","","$2386.29"
"07/19/2017","VISA","","STATE FARM INSURAN800-956-6310 IL #0000","$145.90","","$2431.04"
"07/19/2017","VISA","","STARBUCKS STORE 06HIGHLANDS RAN CO #000","$9.87","","$2576.94"
"07/19/2017","VISA","","SHELL Service Station ARVADA","$8.47","","$2586.81"
"07/19/2017","VISA","","KING SOOPERS 9551 UNIVE HIGHLANDS RAN","$212.67","","$2595.28"
"07/18/2017","VISA","","LOS DOS POTRILLOS HIGHLANDS RAN CO #000","$74.75","","$2807.95"
"07/18/2017","VISA","","TAMALE KITCHEN - 8HIGHLANDS RAN CO #000","$12.09","","$2882.70"
"07/18/2017","VISA","","PAW PRINTS        HIGHLANDS RAN CO #000","$20.98","","$2894.79"
"07/18/2017","VISA","","WALGREENS STORE 7443 W LITTLETON","$14.89","","$2915.77"
"07/18/2017","VISA","","SHELL Service Station LITTLETON","$30.00","","$2930.66"
"07/17/2017","VISA","","MCDONALD'S F10561 LITTLETON CO #0000001","$12.42","","$2960.66"
"07/17/2017","VISA","","MCDONALD'S F10561 LITTLETON CO #0000001","$7.07","","$2973.08"
"07/17/2017","ACH","","SECURITY SVC FCU ONLINE PMT 170717","$555.89","","$2980.15"
"07/17/2017","ACH","","CAPITAL ONE CARD ONLINE PMT 170717","$200.00","","$3536.04"
"07/17/2017","ACH","","EGGSTRODINARY RE PAYROLL ~ Tran: ACHDD","","$1084.24","$3736.04"
"07/16/2017","VISA","","SHELL Service Station ARVADA","$8.47","","$2651.80"
"07/15/2017","VISA","","KING SOOPERS 7901 S. BR LITTLETON","$8.83","","$2660.27"
"07/15/2017","VISA","","SEI 37016 DENVER","$5.26","","$2669.10"
"07/15/2017","VISA","","HIGHLANDS RANCH CO303-471-8958 CO #0000","$45.00","","$2674.36"
"07/15/2017","VISA","","BUFFALO WILD WINGSLAKEWOOD CO #00000019","$44.55","","$2719.36"
"07/15/2017","VISA","","SHELL Service Station ARVADA","$33.00","","$2763.91"
"07/15/2017","VISA","","TARGET T-2716 1265 Sgt Highlands Ran","$240.53","","$2796.91"
"07/14/2017","ACH","","LODE DATA CORPOR PAYROLL ~ Tran: ACHDD","","$1194.07","$3037.44"
"07/13/2017","VISA","","KING SOOPERS 8126 WADSW LITTLETON","$63.85","","$1843.37"
"07/13/2017","VISA","","SHELL Service Station LITTLETON","$8.47","","$1907.22"
"07/13/2017","VISA","","Amazon.com        AMZN.COM/BILL WA #000","$23.09","","$1915.69"
"07/13/2017","VISA","","CHICK-FIL-A #03183LITTLETON CO #0000001","$7.83","","$1938.78"
"07/13/2017","VISA","","FIREHOUSE SUBS #63LONE TREE CO #0000001","$19.43","","$1946.61"
"07/12/2017","VISA","","AMAZON MKTPLACE PMAMZN.COM/BILL WA #000","$187.16","","$1966.04"
"07/11/2017","VISA","","MICRO ELECTRONIC 8000 E Denver","$6.45","","$2153.20"
"07/11/2017","VISA","","MICRO ELECTRONIC 8000 E Denver","","$26.90","$2159.65"
"07/10/2017","ACH","","COMCAST ONLINE PMT 170710","$122.81","","$2132.75"
"07/10/2017","ACH","","XCEL ENERGY-PSCO ONLINE PMT 170710","$106.77","","$2255.56"
"07/09/2017","VISA","","CORNER STORE 1183 ARVADA","$31.00","","$2362.33"
"07/09/2017","VISA","","TACO BELL PH 4078 LITTLETON CO #0000001","$17.46","","$2393.33"
"07/07/2017","VISA","","CORNER STORE 1159 LITTLETON","$47.89","","$2410.79"
"07/06/2017","VISA","","CORNER STORE 1183 ARVADA","$9.58","","$2458.68"
"07/05/2017","VISA","","KING SOOPERS 7901 S. BR LITTLETON","$191.35","","$2468.26"
"07/05/2017","ACH","","PAYPAL ECHECK 170704","$22.00","","$2659.61"
"07/05/2017","ACH","","PL*HighlandsRanc WEB PMTS 070517","$144.00","","$2681.61"
"07/04/2017","ATM","","MM Aurora 1900 Havana Aurora","$202.00","","$2825.61"
"07/03/2017","VISA","","CORNER STORE 4118 HIGHLANDS RAN","$28.02","","$3027.61"
"07/03/2017","VISA","","CORNER STORE 4118 HIGHLANDS RAN","$9.58","","$3055.63"
"07/03/2017","VISA","","MCDONALD'S F10561 LITTLETON CO #0000001","$7.39","","$3065.21"
"07/03/2017","VISA","","MCDONALD'S F10561 LITTLETON CO #0000001","$5.35","","$3072.60"
"07/03/2017","VISA","","PROM DISCOUNT LIQUHGHLNDS RANCH CO #000","$18.15","","$3077.95"
"07/03/2017","ACH","","121 FCU ONLINE PMT 170703","$150.00","","$3096.10"
"07/02/2017","VISA","","XFER g.co/walleth      1600 AmphitheCA","","$50.00","$3246.10"
"07/02/2017","VISA","","HOOTERS LONE TREE LONE TREE CO #0000001","$48.60","","$3196.10"
"07/02/2017","VISA","","BAD DADDY'S BURGERGREENWOOD VIL CO #000","$32.70","","$3244.70"
"07/02/2017","VISA","","CORNER STORE 1159 LITTLETON","$9.58","","$3277.40"
"07/01/2017","VISA","","LIBATIONS WINE & SFOXFIELD CO #00000019","$18.58","","$3286.98"
"07/01/2017","VISA","","BRICKHOUSE-PARKER PARKER CO #0000001900","$67.13","","$3305.56"
"06/30/2017","INTADJUST","","Interest Paid","","$0.33","$3372.69"
"06/30/2017","ATMREBATE","","ATM Fee Rebate","","$14.00","$3372.36"
"06/30/2017","VISA","","CORNER STORE 1159 LITTLETON","$35.00","","$3358.36"
"06/30/2017","VISA","","MICRO ELECTRONIC 8000 E Denver","$26.90","","$3393.36"
"06/30/2017","VISA","","SEI 27238 WESTMINSTER","$4.46","","$3420.26"
"06/30/2017","ACH","","WELLS FARGO MTG ONLINE PMT 170630","$2300.00","","$3424.72"
"06/30/2017","ACH","","BUFFALO WILD WIN PAYROLL 170627~ Tran: A","","$918.99","$5724.72"
"06/30/2017","ACH","","LODE DATA CORPOR PAYROLL ~ Tran: ACHDD","","$1383.12","$4805.73"
"06/29/2017","ATM","","LITTLETON FINAN 7870 WE DENVER","$42.00","","$3422.61"
"06/28/2017","VISA","","CORNER STORE 1159 LITTLETON","$9.58","","$3464.61"
"06/28/2017","ATM","","CHASE 12820 LYNNFIELD D ENGLEWOOD","$103.00","","$3474.19"
"06/28/2017","VISA","","CORNER STORE 1159 HIGHLANDS RAN CO #000","$12.06","","$3577.19"
"06/27/2017","VISA","","KING SOOPERS 9551 UNIVE HIGHLANDS RAN","$51.41","","$3589.25"
"06/27/2017","VISA","","CORNER STORE 1159 LITTLETON","$20.00","","$3640.66"
"06/27/2017","VISA","","Wal-Mart Super Center 5 LITTLETON","$57.23","","$3660.66"
"06/27/2017","VISA","","BUFFALO WILD WINGSLAKEWOOD CO #00000019","$16.55","","$3717.89"
"06/27/2017","VISA","","PAW PRINTS        HIGHLANDS RAN CO #000","$39.87","","$3734.44"
"06/27/2017","VISA","","CONOCO - UNITED PAHIGHLANDS RAN CO #000","$26.03","","$3774.31"
"06/27/2017","VISA","","DAVIDSONS LIQUOR HIGHLANDS RAN CO #000","$14.04","","$3800.34"
"06/27/2017","DEPOSIT","","Deposit Mobile Banking","","$100.00","$3814.38"
"06/26/2017","VISA","","CHICK-FIL-A #03183LITTLETON CO #0000001","$7.35","","$3714.38"
"06/26/2017","ACH","","Electronic Deposit","","$1250.00","$3721.73"
"06/26/2017","VISA","","TOPGOLF JACKSONVIL214-377-0615 FL #0000","$37.46","","$2471.73"
"06/26/2017","VISA","","TOPGOLF JACKSONVIL214-377-0615 FL #0000","$37.46","","$2509.19"
"06/26/2017","VISA","","CORNER STORE 4128 LITTLETON","$11.40","","$2546.65"
"06/25/2017","VISA","","TOPGOLF JACKSONVILJACKSONVILLE FL #0000","$23.26","","$2558.05"
"06/25/2017","VISA","","MCDONALD'S F10561 LITTLETON CO #0000001","$7.07","","$2581.31"
"06/24/2017","VISA","","CORNER STORE 1159 LITTLETON","$9.58","","$2588.38"
"06/23/2017","VISA","","RACETRAC585   0000GREEN COVE SP FL #000","$6.18","","$2597.96"
"06/23/2017","ACH","","CAPITAL ONE CARD ONLINE PMT 170623","$100.00","","$2604.14"
"06/23/2017","VISA","","KING SOOPERS 9820 BELLE LITTLETON","$26.46","","$2704.14"
"06/22/2017","VISA","","RACETRAC585   0000GREEN COVE SP FL #000","$9.62","","$2730.60"
"06/22/2017","VISA","","CORNER STORE 4128 LITTLETON","$9.58","","$2740.22"
"06/22/2017","ACH","","AT&T MOBILITY ONLINE PMT 170622","$227.70","","$2749.80"
"06/21/2017","VISA","","E 470 EXPRESS TOLL303-5373470 CO #00000","$30.00","","$2977.50"
"06/21/2017","VISA","","COLUMBINE ANIMAL HLITTLETON CO #0000001","$42.30","","$3007.50"
"06/21/2017","VISA","","STATE FARM INSURAN800-956-6310 IL #0000","$145.90","","$3049.80"
"06/21/2017","VISA","","STARBUCKS STORE 10LITTLETON CO #0000001","$9.87","","$3195.70"
"06/20/2017","VISA","","TAMALE KITCHEN - LLITTLETON CO #0000001","$14.09","","$3205.57"
"06/20/2017","VISA","","PAW PRINTS        HIGHLANDS RAN CO #000","$16.79","","$3219.66"
"06/20/2017","VISA","","FIVE GUYS #CO-0420HIGHLANDS RAN CO #000","$16.56","","$3236.45"
"06/19/2017","VISA","","KING SOOPERS 7901 S. BR LITTLETON","$10.71","","$3253.01"
"06/19/2017","VISA","","MCDONALD'S F34515 FORT MORGAN CO #00000","$6.76","","$3263.72"
"06/19/2017","VISA","","BROTHERS BBQ 2    DENVER CO #0000001900","$12.41","","$3270.48"
"06/19/2017","VISA","","THE MAV KITCHEN & FORT MORGAN CO #00000","$36.48","","$3282.89"
"06/19/2017","ACH","","JPMorgan Chase Ext Trnsfr 170619~ Tran: ","$600.00","","$3319.37"
"06/18/2017","VISA","","BUFFALO WILD WINGSLAKEWOOD CO #00000019","$32.68","","$3919.37"
"06/18/2017","VISA","","BURGER KING #14788FORT MORGAN CO #00000","$6.34","","$3952.05"
"06/18/2017","VISA","","CABLES PUB & GRILLFORT MORGAN CO #00000","$25.43","","$3958.39"
"06/18/2017","VISA","","RODEWAY INN       FT. MORGAN CO #000000","$181.12","","$3983.82"
"06/18/2017","VISA","","SAFEWAY  STORE  1480 HIGHLANDS RAN","$18.35","","$4164.94"
"06/18/2017","VISA","","Wal-Mart Super Center 1 HIGHLANDS RAN","$46.48","","$4183.29"
"06/17/2017","VISA","","USA GASOLINE 650 FORT MORGAN","$9.49","","$4229.77"
"06/17/2017","VISA","","LOAF N JUG #43    PARKER CO #0000001900","$21.36","","$4239.26"
"06/17/2017","VISA","","DAVIDSONS LIQUOR HIGHLANDS RAN CO #000","$11.54","","$4260.62"
"06/16/2017","VISA","","MAVERIK #480 1206 MAIN FORT MORGAN","$13.33","","$4272.16"
"06/16/2017","ACH","","SECURITY SVC FCU ONLINE PMT 170616","$555.89","","$4285.49"
"06/16/2017","ACH","","SYNCHRONY BANK ONLINE PMT 170616","$35.00","","$4841.38"
"06/16/2017","ACH","","BUFFALO WILD WIN PAYROLL 170613~ Tran: A","","$1311.67","$4876.38"
"06/15/2017","VISA","","THE HOME DEPOT #1540 LITTLETON","$11.52","","$3564.71"
"06/15/2017","VISA","","KING SOOPERS 9551 UNIVE HIGHLANDS RAN","$45.55","","$3576.23"
"06/15/2017","VISA","","PANDA EXPRESS #545HIGHLANDS RAN CO #000","$14.91","","$3621.78"
"06/15/2017","VISA","","BUFFALO WILD WINGSLAKEWOOD CO #00000019","$41.80","","$3636.69"
"06/15/2017","VISA","","MCDONALD'S F19476 LITTLETON CO #0000001","$8.05","","$3678.49"
"06/15/2017","VISA","","CORNER STORE 1159 LITTLETON","$35.00","","$3686.54"
"06/15/2017","VISA","","CORNER STORE 1159 LITTLETON","$47.89","","$3721.54"
"06/15/2017","VISA","","KING SOOPERS 7901 S. BR LITTLETON","$67.94","","$3769.43"
"06/15/2017","VISA","","WM SUPERCENTER # Wal-Ma HIGHLANDS RAN","$45.30","","$3837.37"
"06/15/2017","ACH","","LODE DATA CORPOR PAYROLL ~ Tran: ACHDD","","$1383.11","$3882.67"
"06/15/2017","ATM","","LITTLETON QUINC 7870 WE DENVER","$77.00","","$2499.56"
"06/14/2017","VISA","","MAGIC RABBIT HIGHLANDS RAN","$15.00","","$2576.56"
"06/14/2017","VISA","","CORNER STORE 4128 LITTLETON","$9.58","","$2591.56"
"06/13/2017","VISA","","PARRY`S PIZZA III HIGHLANDS RAN CO #000","$30.19","","$2601.14"
"06/13/2017","VISA","","THE SUNSET GRILLE CENTENNIAL CO #000000","$32.90","","$2631.33"
"06/13/2017","VISA","","KING SOOPERS 8126 WADSW LITTLETON","$8.38","","$2664.23"
"06/13/2017","VISA","","CORNER STORE 1159 LITTLETON","$9.58","","$2672.61"
"06/12/2017","VISA","","CHICK-FIL-A #689  LITTLETON CO #0000001","$14.92","","$2682.19"
"06/11/2017","VISA","","COLDSTONE #722    HGHLNDS RANCH CO #000","$14.85","","$2697.11"
"06/11/2017","ATM","","LITTLETON QUINC 7870 WE DENVER","$37.00","","$2711.96"
"06/10/2017","VISA","","KING SOOPERS 9820 BELLE LITTLETON","$1.50","","$2748.96"
"06/10/2017","VISA","","KING SOOPERS 9820 BELLE LITTLETON","$4.03","","$2750.46"
"06/09/2017","VISA","","KING SOOPERS 8126 WADSW LITTLETON","$26.39","","$2754.49"
"06/08/2017","VISA","","CORNER STORE 4118 HIGHLANDS RAN CO #000","$53.01","","$2780.88"
"06/08/2017","ACH","","COMCAST ONLINE PMT 170608","$122.80","","$2833.89"
"06/07/2017","VISA","","Amazon.com        AMZN.COM/BILL WA #000","$20.97","","$2956.69"
"06/06/2017","VISA","","CORNER STORE 4128 LITTLETON","$32.00","","$2977.66"
"06/06/2017","VISA","","MCDONALD'S F10561 LITTLETON CO #0000001","$7.07","","$3009.66"
"06/06/2017","VISA","","CONOCO - UNITED PAHIGHLANDS RAN CO #000","$23.45","","$3016.73"
"06/06/2017","VISA","","CORNER STORE 4128 LITTLETON","$9.58","","$3040.18"
"06/06/2017","ACH","","Electronic Deposit","","$587.40","$3049.76"
"06/05/2017","VISA","","KING SOOPERS 7901 S. BR LITTLETON","$116.45","","$2462.36"
"06/05/2017","ATM","","LITTLETON FINAN 7870 WE DENVER","$27.00","","$2578.81"
"06/05/2017","VISA","","CORNER STORE 1159 LITTLETON","$9.58","","$2605.81"
"06/05/2017","VISA","","Amazon.com        AMZN.COM/BILL WA #000","$15.73","","$2615.39"
"06/05/2017","VISA","","CHICK-FIL-A #02605LAKEWOOD CO #00000019","$5.82","","$2631.12"
"06/05/2017","VISA","","CHICK-FIL-A #689  LITTLETON CO #0000001","$14.92","","$2636.94"
"06/05/2017","VISA","","STARBUCKS STORE 06HIGHLANDS RAN CO #000","$4.99","","$2651.86"
"06/05/2017","ACH","","XCEL ENERGY-PSCO ONLINE PMT 170605","$78.66","","$2656.85"
"06/05/2017","ACH","","PAYPAL ECHECK 170604","$39.00","","$2735.51"
"06/04/2017","VISA","","CORNER STORE 1159 LITTLETON","$9.58","","$2774.51"
"06/04/2017","VISA","","QDOBA MEXICAN GRILHIGHLANDS RAN CO #000","$8.19","","$2784.09"
"06/04/2017","VISA","","E 470 EXPRESS TOLL303-5373470 CO #00000","$25.80","","$2792.28"
"06/04/2017","VISA","","PHILLIPS 66 - TSE LITTLETON CO #0000001","$20.00","","$2818.08"
"06/02/2017","VISA","","CHICK-FIL-A #03183LITTLETON CO #0000001","$7.56","","$2838.08"
"06/02/2017","ACH","","121 FCU ONLINE PMT 170602","$150.00","","$2845.64"
"06/02/2017","ACH","","BUFFALO WILD WIN PAYROLL 170531~ Tran: A","","$1127.83","$2995.64"
"06/01/2017","ATM","","Wells Fargo Ban SOUTHWE LITTLETON","$43.00","","$1867.81"
"06/01/2017","VISA","","MCDONALD'S F10561 LITTLETON CO #0000001","$7.07","","$1910.81"
"06/01/2017","VISA","","GOOD TIMES DR THRUHIGHLANDS RAN CO #000","$9.54","","$1917.88"
"06/01/2017","VISA","","FLOYDS 99 BARBERSHLITTLETON CO #0000001","$30.00","","$1927.42"
"06/01/2017","ACH","","WELLS FARGO MTG ONLINE PMT 170601","$2300.00","","$1957.42"
"05/31/2017","INTADJUST","","Interest Paid","","$0.45","$4257.42"
"05/31/2017","ATMREBATE","","ATM Fee Rebate","","$8.00","$4256.97"
"05/31/2017","VISA","","CORNER STORE 1159 LITTLETON","$9.58","","$4248.97"
"05/31/2017","VISA","","CONOCO - UNITED PAHIGHLANDS RAN CO #000","$4.15","","$4258.55"
"05/31/2017","VISA","","PAW PRINTS        HIGHLANDS RAN CO #000","$16.79","","$4262.70"
"05/31/2017","ACH","","LODE DATA CORPOR PAYROLL ~ Tran: ACHDD","","$1194.06","$4279.49"
"05/30/2017","VISA","","WENDY'S #2664     HIGHLANDS RAN CO #000","$8.80","","$3085.43"
"05/29/2017","VISA","","MAGIC RABBIT HIGHLANDS RAN","$6.55","","$3094.23"
"05/29/2017","ATM","","LITTLETON QUINC 7870 WE DENVER","$27.00","","$3100.78"
"05/29/2017","VISA","","ARBY'S 8491       LITTLETON CO #0000001","$16.04","","$3127.78"
"05/29/2017","VISA","","TYPSYS LIQUOR WORLLITTLETON CO #0000001","$11.54","","$3143.82"
"05/29/2017","VISA","","STARBUCKS STORE 10GOLDEN CO #0000001900","$11.15","","$3155.36"
"05/29/2017","VISA","","KING SOOPERS 7901 S. BR LITTLETON","$118.17","","$3166.51"
"05/28/2017","VISA","","CORNER STORE 1159 LITTLETON","$9.58","","$3284.68"
"05/28/2017","VISA","","KING SOOPERS 9551 UNIVE HIGHLANDS RAN","$20.74","","$3294.26"
"05/28/2017","VISA","","WESTWOODS WINGS INARVADA CO #0000001900","$23.79","","$3315.00"
"05/28/2017","VISA","","DAVIDSONS LIQUOR HIGHLANDS RAN CO #000","$15.18","","$3338.79"
"05/27/2017","VISA","","QDOBA MEXICAN GRILLONE TREE CO #0000001","$13.30","","$3353.97"
"05/27/2017","VISA","","UNITED PACIFIC 6 LITTLETON","$8.09","","$3367.27"
"05/26/2017","ATM","","VECTRA-LONE TR 9990 COM LONE TREE","$100.00","","$3375.36"
"05/26/2017","VISA","","MCDONALD'S F10561 LITTLETON CO #0000001","$8.89","","$3475.36"
"05/26/2017","VISA","","THE WHITE CHOCOLATLONE TREE CO #0000001","$206.93","","$3484.25"
"05/26/2017","VISA","","MAD GREENS - 0114 LONE TREE CO #0000001","$33.66","","$3691.18"
"05/26/2017","VISA","","CORNER STORE 4128 LITTLETON","$25.16","","$3724.84"
"05/26/2017","ACH","","PAYPAL INST XFER 170524~ Tran: ACHDW","$62.04","","$3750.00"
"05/25/2017","VISA","","QDOBA MEXICAN GRILLONE TREE CO #0000001","$13.08","","$3812.04"
"05/25/2017","VISA","","LOAF N JUG # 0809 LITTLETON CO #0000001","$23.85","","$3825.12"
"05/25/2017","VISA","","LOAF N JUG # 0809 LITTLETON CO #0000001","$10.27","","$3848.97"
"05/25/2017","VISA","","LOAF N JUG # 0809 LITTLETON CO #0000001","$29.01","","$3859.24"
"05/24/2017","VISA","","CHICK-FIL-A #03183LITTLETON CO #0000001","$14.92","","$3888.25"
"05/24/2017","VISA","","FLOYDS 99 BARBERSHLAKEWOOD CO #00000019","$45.00","","$3903.17"
"05/23/2017","VISA","","CORNER STORE 4128 LITTLETON","$9.58","","$3948.17"
"05/23/2017","VISA","","MCDONALD'S F10561 LITTLETON CO #0000001","$7.07","","$3957.75"
"05/23/2017","VISA","","LOAF N JUG # 0809 LITTLETON CO #0000001","$10.27","","$3964.82"
"05/22/2017","VISA","","COLUMBINE ANIMAL HLITTLETON CO #0000001","$38.27","","$3975.09"
"05/22/2017","VISA","","STARBUCKS STORE 05HIGHLANDS RAN CO #000","$13.49","","$4013.36"
"05/22/2017","ACH","","AT&T MOBILITY ONLINE PMT 170522","$233.03","","$4026.85"
"05/21/2017","VISA","","KING SOOPERS 9551 UNIVE HIGHLANDS RAN","$7.48","","$4259.88"
"05/21/2017","VISA","","KING SOOPERS 5673S. QUE HIGHLANDS RAN","$24.12","","$4267.36"
"05/21/2017","VISA","","WM SUPERCENTER # Wal-Ma HIGHLANDS RAN","$16.49","","$4291.48"
"05/21/2017","VISA","","TASTE OF PHILLY LILITTLETON CO #0000001","$22.08","","$4307.97"
"05/21/2017","VISA","","SQ *PONDEROSA GIFTLARKSPUR CO #00000019","$12.00","","$4330.05"
"05/21/2017","VISA","","SQ *PONDEROSA GIFTLARKSPUR CO #00000019","$12.00","","$4342.05"
"05/21/2017","VISA","","DOMINO'S 6356     303-449-7101 CO #0000","$25.71","","$4354.05"
"05/21/2017","VISA","","CORNER STORE 1159 LITTLETON","$9.58","","$4379.76"
"05/20/2017","VISA","","MCDONALD'S F18783 HIGHLANDS RAN CO #000","$5.03","","$4389.34"
"05/19/2017","VISA","","TARGET T-1776 9390 W Cr Littleton","$15.96","","$4394.37"
"05/19/2017","ATM","","LITTLETON QUINC 7870 WE DENVER","$57.00","","$4410.33"
"05/19/2017","VISA","","CORNER STORE 1159 LITTLETON","$9.58","","$4467.33"
"05/19/2017","VISA","","MCDONALD'S F10561 LITTLETON CO #0000001","$5.35","","$4476.91"
"05/19/2017","VISA","","PANDA EXPRESS #545626-799-9898 CO #0000","$19.01","","$4482.26"
"05/19/2017","VISA","","BUFFALO WILD WINGSLAKEWOOD CO #00000019","$29.08","","$4501.27"
"05/19/2017","VISA","","AMAZON MKTPLACE PMAMZN.COM/BILL WA #000","$25.98","","$4530.35"
"05/19/2017","VISA","","STATE FARM INSURAN800-956-6310 IL #0000","$145.90","","$4556.33"
"05/19/2017","ACH","","BUFFALO WILD WIN PAYROLL 170516~ Tran: A","","$800.04","$4702.23"
"05/18/2017","VISA","","STARBUCKS STORE 10LITTLETON CO #0000001","$9.87","","$3902.19"
"05/18/2017","VISA","","KING SOOPERS 8126 WADSW LITTLETON","$29.20","","$3912.06"
"05/18/2017","VISA","","CORNER STORE 1159 LITTLETON","$9.58","","$3941.26"
"05/18/2017","ACH","","SYNCHRONY BANK ONLINE PMT 170518","$50.00","","$3950.84"
"05/18/2017","VISA","","CORNER STORE 4128 LITTLETON","$30.00","","$4000.84"
"05/17/2017","VISA","","MCDONALD'S F10561 LITTLETON CO #0000001","$9.63","","$4030.84"
"05/17/2017","VISA","","TAMALE KITCHEN - LLITTLETON CO #0000001","$14.98","","$4040.47"
"05/17/2017","VISA","","CHICK-FIL-A #689  LITTLETON CO #0000001","$14.92","","$4055.45"
"05/17/2017","VISA","","STARBUCKS STORE 17ENGLEWOOD CO #0000001","$0.73","","$4070.37"
"05/17/2017","ACH","","SECURITY SVC FCU ONLINE PMT 170517","$555.89","","$4071.10"
"05/17/2017","ACH","","CAPITAL ONE CARD ONLINE PMT 170517","$200.00","","$4626.99"
"05/16/2017","VISA","","CORNER STORE 4128 LITTLETON","$9.58","","$4826.99"
"05/16/2017","VISA","","SHINING MOUNTAIN GWOODLAND PARK CO #000","$8.32","","$4836.57"
"05/16/2017","VISA","","STARBUCKS STORE 06HIGHLANDS RAN CO #000","$9.87","","$4844.89"
"05/15/2017","VISA","","ARBY'S 8491       LITTLETON CO #0000001","$15.62","","$4854.76"
"05/15/2017","VISA","","LAMARS DONUTS 49  HIGHLANDS RAN CO #000","$8.13","","$4870.38"
"05/15/2017","VISA","","PAW PRINTS        HIGHLANDS RAN CO #000","$16.79","","$4878.51"
"05/15/2017","VISA","","COLORADO MOUNTAIN COLORADO SPRI CO #000","$55.28","","$4895.30"
"05/15/2017","VISA","","SHINING MOUNTAIN GWOODLAND PARK CO #000","$13.00","","$4950.58"
"05/15/2017","VISA","","MCDONALD'S F10576 WOODLAND PARK CO #000","$8.50","","$4963.58"
"05/15/2017","VISA","","CORNER STORE 1159 LITTLETON","$9.58","","$4972.08"
"05/15/2017","ACH","","LODE DATA CORPOR PAYROLL ~ Tran: ACHDD","","$1938.12","$4981.66"
"05/15/2017","VISA","","THE HOME DEPOT #1540 LITTLETON","$2.33","","$3043.54"
"05/14/2017","VISA","","THE HOME DEPOT #1507 DENVER","$88.46","","$3045.87"
"05/14/2017","VISA","","KING SOOPERS 8126 WADSW LITTLETON","$32.93","","$3134.33"
"05/14/2017","VISA","","LOAF N JUG #0026  WOODLAND PARK CO #000","$14.72","","$3167.26"
"05/14/2017","VISA","","CASA GRANDE MEXICAWOODLAND PARK CO #000","$47.30","","$3181.98"
"05/14/2017","VISA","","ALTA CONVENIENCE WOODLAND PARK","$13.08","","$3229.28"
"05/13/2017","VISA","","BUFFALO WILD WINGSLAKEWOOD CO #00000019","$22.74","","$3242.36"
"05/13/2017","VISA","","FIREHOUSE SUBS #50LITTLETON CO #0000001","$20.54","","$3265.10"
"05/12/2017","VISA","","7-ELEVEN 3650 HIGHLAND LITTLETON","$26.29","","$3285.64"
"05/12/2017","VISA","","BEARS CAR WASH    DENVER CO #0000001900","$105.39","","$3311.93"
"05/12/2017","VISA","","MCDONALD'S F10561 LITTLETON CO #0000001","$12.42","","$3417.32"
"05/12/2017","VISA","","E 470 EXPRESS TOLL303-5373470 CO #00000","$27.05","","$3429.74"
"05/12/2017","VISA","","CORNER STORE 1159 LITTLETON","$9.58","","$3456.79"
"05/11/2017","VISA","","KING SOOPERS 9820 BELLE LITTLETON","$7.34","","$3466.37"
"05/11/2017","VISA","","CORNER STORE 4128 LITTLETON","$9.58","","$3473.71"
"05/10/2017","ATM","","LITTLETON QUINC 7870 WE DENVER","$22.00","","$3483.29"
"05/10/2017","VISA","","KING SOOPERS 8126 WADSW LITTLETON","$21.88","","$3505.29"
"05/10/2017","VISA","","KING SOOPERS 9820 BELLE LITTLETONEffect","$5.42","","$3527.17"
"05/09/2017","VISA","","CORNER STORE 4128 LITTLETON","$9.58","","$3532.59"
"05/09/2017","VISA","","MCDONALD'S F10561 LITTLETON CO #0000001","$7.07","","$3542.17"
"05/09/2017","VISA","","WENDYS #1660      LITTLETON CO #0000001","$18.52","","$3549.24"
"05/09/2017","VISA","","STARBUCKS STORE 10LITTLETON CO #0000001","$9.87","","$3567.76"
"05/09/2017","ACH","","COMCAST ONLINE PMT 170509","$122.80","","$3577.63"
"05/09/2017","VISA","","KING SOOPERS 8126 WADSW LITTLETON","$18.34","","$3700.43"
"05/08/2017","VISA","","THE PIPE JOINT    LITTLETON CO #0000001","$27.00","","$3718.77"
"05/08/2017","ACH","","CAPITAL ONE ONLINE PMT ","$100.00","","$3745.77"
"05/08/2017","VISA","","CORNER STORE 1159 LITTLETON","$9.58","","$3845.77"
"05/07/2017","VISA","","TAMALE KITCHEN 4  LITTLETON CO #0000001","$7.36","","$3855.35"
"05/07/2017","VISA","","AMAZON MKTPLACE PMAMZN.COM/BILL WA #000","$14.99","","$3862.71"
"05/06/2017","VISA","","KING SOOPERS 8126 WADSW LITTLETON","$26.01","","$3877.70"
"05/06/2017","VISA","","LOAF N JUG # 0809 LITTLETON CO #0000001","$29.28","","$3903.71"
"05/06/2017","VISA","","LOAF N JUG # 0809 LITTLETON CO #0000001","$25.01","","$3932.99"
"05/05/2017","VISA","","CORNER STORE 4128 LITTLETON","$1.97","","$3958.00"
"05/05/2017","DEPOSIT","","Deposit Mobile Banking","","$100.00","$3959.97"
"05/05/2017","VISA","","DAVIDSONS LIQUOR HIGHLANDS RAN CO #000","$22.04","","$3859.97"
"05/05/2017","ATM","","LITTLETON QUINC 7870 WE DENVER","$122.00","","$3882.01"
"05/05/2017","ACH","","BUFFALO WILD WIN PAYROLL 170502~ Tran: A","","$1282.25","$4004.01"
"05/04/2017","VISA","","KING SOOPERS 9551 UNIVE HIGHLANDS RAN","$6.13","","$2721.76"
"05/04/2017","VISA","","THE HOME DEPOT #1540 LITTLETON","$29.28","","$2727.89"
"05/04/2017","ACH","","XCEL ENERGY-PSCO ONLINE PMT 170504","$72.50","","$2757.17"
"05/03/2017","VISA","","Wal-Mart Super Center 1 HIGHLANDS RAN","$58.26","","$2829.67"
"05/03/2017","VISA","","PARRY`S PIZZA III HIGHLANDS RAN CO #000","$22.94","","$2887.93"
"05/03/2017","ACH","","121 FCU ONLINE PMT 170503","$150.00","","$2910.87"
"05/02/2017","VISA","","KING SOOPERS 9551 UNIVE HIGHLANDS RAN","$62.58","","$3060.87"
"05/02/2017","VISA","","MCDONALD'S F18783 HIGHLANDS RAN CO #000","$8.27","","$3123.45"
"05/02/2017","VISA","","PAW PRINTS        HIGHLANDS RAN CO #000","$23.03","","$3131.72"
"05/02/2017","VISA","","KING SOOPERS 7901 S. BR LITTLETON","$6.99","","$3154.75"
"05/01/2017","VISA","","KING SOOPERS 9551 UNIVE HIGHLANDS RAN","$48.89","","$3161.74"
"05/01/2017","VISA","","KING SOOPERS 9551 UNIVE HIGHLANDS RAN","$40.77","","$3210.63"
"05/01/2017","VISA","","KING SOOPERS 5673S. QUE HIGHLANDS RAN","$86.67","","$3251.40"
"05/01/2017","VISA","","SAM'S Club 6634 WAL-SAM LITTLETON(SE)","$230.74","","$3338.07"
"05/01/2017","VISA","","CORNER STORE 1159 HIGHLANDS RAN CO #000","$20.16","","$3568.81"
"05/01/2017","VISA","","SALSA BRAVA / URBAHIGHLANDS RAN CO #000","$49.51","","$3588.97"
"05/01/2017","VISA","","DAVIDSONS LIQUOR HIGHLANDS RAN CO #000","$37.23","","$3638.48"
"05/01/2017","ACH","","WELLS FARGO MTG ONLINE PMT 170501","$2300.00","","$3675.71"
"04/30/2017","VISA","","OREILLY AUTO #4839 LITTLETON","$40.53","","$5975.71"
"04/30/2017","VISA","","FIRESTONE 028738 LITTLETON","$393.55","","$6016.24"
"04/30/2017","VISA","","CORNER STORE 4128 LITTLETON","$9.58","","$6409.79"
"04/30/2017","VISA","","CORNER STORE 4100 ENGLEWOOD CO #0000001","$8.69","","$6419.37"
"04/30/2017","VISA","","DOMINO'S 6356     303-449-7101 CO #0000","$25.71","","$6428.06"
"04/29/2017","VISA","","MCDONALD'S F18783 HIGHLANDS RAN CO #000","$5.03","","$6453.77"
"04/29/2017","VISA","","BUFFALO WILD WINGSLAKEWOOD CO #00000019","$16.83","","$6458.80"
"04/29/2017","VISA","","MCDONALD'S F19476 LITTLETON CO #0000001","$4.81","","$6475.63"
"04/29/2017","VISA","","STARBUCKS STORE 05LITTLETON CO #0000001","$4.88","","$6480.44"
"04/28/2017","INTADJUST","","Interest Paid","","$0.52","$6485.32"
"04/28/2017","ATMREBATE","","ATM Fee Rebate","","$6.00","$6484.80"
"04/28/2017","VISA","","PANDA EXPRESS #545HIGHLANDS RAN CO #000","$7.46","","$6478.80"
"04/28/2017","VISA","","CHICK-FIL-A #03183LITTLETON CO #0000001","$15.08","","$6486.26"
"04/28/2017","CHECK","1501","Check Paid #1501","$25.00","","$6501.34"
"04/28/2017","VISA","","CORNER STORE 4128 LITTLETON","$9.58","","$6526.34"
"04/28/2017","ACH","","LODE DATA CORPOR PAYROLL ~ Tran: ACHDD","","$1749.06","$6535.92"
"04/28/2017","ACH","","LODE DATA CORPOR PAYROLL ~ Tran: ACHDD","","$765.30","$4786.86"
"04/27/2017","VISA","","TASTE OF PHILLY LILITTLETON CO #0000001","$15.94","","$4021.56"
"04/27/2017","VISA","","BUFFALO WILD WINGSLAKEWOOD CO #00000019","$54.49","","$4037.50"
"04/26/2017","VISA","","SHELL Service Station HIGHLANDS RAN","$10.30","","$4091.99"
"04/26/2017","VISA","","THE HOME DEPOT #1540 LITTLETON","$80.96","","$4102.29"
"04/26/2017","VISA","","SHELL Service Station HIGHLANDS RAN","$30.26","","$4183.25"
"04/26/2017","VISA","","SHELL Service Station HIGHLANDS RAN","$4.79","","$4213.51"
"04/26/2017","VISA","","THE HOME DEPOT #1540 LITTLETON","$42.98","","$4218.30"
"04/26/2017","VISA","","THE HOME DEPOT #1540 LITTLETON","$500.99","","$4261.28"
"04/26/2017","VISA","","TARGET T-2716 1265 Sgt Highlands Ran","$66.79","","$4762.27"
"04/26/2017","VISA","","GOOGLE *Play      g.co/payhelp# CA #000","$1.02","","$4829.06"
"04/26/2017","VISA","","BAD DADDY'S BURGERGREENWOOD VIL CO #000","$48.33","","$4830.08"
"04/25/2017","VISA","","CORNER STORE 1159 LITTLETON","$9.58","","$4878.41"
"04/25/2017","VISA","","SHELL OIL 57442460ENGLEWOOD CO #0000001","$17.31","","$4887.99"
"04/25/2017","VISA","","TOPGOLF CENTENNIAL214-377-0615 CO #0000","$48.04","","$4905.30"
"04/25/2017","VISA","","TOPGOLF CENTENNIAL214-377-0615 CO #0000","$37.37","","$4953.34"
"04/25/2017","VISA","","TEAVANA 096       ENGLEWOOD CO #0000001","$8.25","","$4990.71"
"04/24/2017","VISA","","TOPGOLF CENTENNIALCENTENNIAL CO #000000","$17.95","","$4998.96"
"04/24/2017","VISA","","TOPGOLF CENTENNIALCENTENNIAL CO #000000","$29.02","","$5016.91"
"04/24/2017","VISA","","TAMALE KITCHEN 4  LITTLETON CO #0000001","$14.19","","$5045.93"
"04/24/2017","VISA","","PARRY`S PIZZA III HIGHLANDS RAN CO #000","$36.43","","$5060.12"
"04/24/2017","VISA","","BUFFALO WILD WINGSLAKEWOOD CO #00000019","$23.98","","$5096.55"
"04/23/2017","VISA","","KING SOOPERS 8126 WADSW LITTLETON","$9.03","","$5120.53"
"04/23/2017","VISA","","STARBUCKS STORE 17ENGLEWOOD CO #0000001","$2.57","","$5129.56"
"04/21/2017","VISA","","MCDONALD'S F10561 LITTLETON CO #0000001","$12.42","","$5132.13"
"04/21/2017","VISA","","LOAF N JUG # 0809 LITTLETON CO #0000001","$20.01","","$5144.55"
"04/21/2017","ACH","","AT&T MOBILITY ONLINE PMT 170421","$245.96","","$5164.56"
"04/21/2017","ACH","","BUFFALO WILD WIN PAYROLL 170418~ Tran: A","","$1089.71","$5410.52"
"04/20/2017","VISA","","CORNER STORE 1159 LITTLETON","$9.58","","$4320.81"
"04/20/2017","VISA","","KING SOOPERS 7901 S. BR LITTLETON","$55.57","","$4330.39"
"04/20/2017","ATM","","LITTLETON QUINC 7870 WE DENVER","$117.00","","$4385.96"
"04/20/2017","VISA","","BUFFALO WILD WINGSLAKEWOOD CO #00000019","$12.84","","$4502.96"
"04/20/2017","VISA","","PARRY`S PIZZA III HIGHLANDS RAN CO #000","$34.84","","$4515.80"
"04/19/2017","VISA","","COLUMBINE ANIMAL HLITTLETON CO #0000001","$197.05","","$4550.64"
"04/19/2017","VISA","","STATE FARM INSURAN800-956-6310 IL #0000","$145.90","","$4747.69"
"04/19/2017","VISA","","CORNER STORE 4128 LITTLETON","$9.58","","$4893.59"
"04/19/2017","VISA","","KING SOOPERS 8126 WADSW LITTLETON","$14.69","","$4903.17"
"04/18/2017","VISA","","KING SOOPERS 17031 LINC PARKER","$29.59","","$4917.86"
"04/18/2017","VISA","","FIVE GUYS #CO-0420305-434-7941 CO #0000","$27.15","","$4947.45"
"04/18/2017","VISA","","BUFFALO WILD WINGSLAKEWOOD CO #00000019","$25.96","","$4974.60"
"04/18/2017","VISA","","WENDYS #1660      LITTLETON CO #0000001","$18.63","","$5000.56"
"04/18/2017","VISA","","THE THIRSTY BEAR  LAKEWOOD CO #00000019","$38.86","","$5019.19"
"04/18/2017","VISA","","DAVIDSONS LIQUOR HIGHLANDS RAN CO #000","$41.98","","$5058.05"
"04/17/2017","VISA","","SHELL Service Station HIGHLANDS RAN","$10.36","","$5100.03"
"04/17/2017","VISA","","KING SOOPERS 8126 WADSW LITTLETON","$22.10","","$5110.39"
"04/17/2017","VISA","","LOAF N JUG # 0809 LITTLETON CO #0000001","$27.34","","$5132.49"
"04/17/2017","VISA","","LITTLETON DISCOUNTLITTLETON CO #0000001","$9.50","","$5159.83"
"04/17/2017","ACH","","SECURITY SVC FCU ONLINE PMT 170417","$555.89","","$5169.33"
"04/17/2017","ACH","","CAPITAL ONE CARD ONLINE PMT 170417","$100.00","","$5725.22"
"04/17/2017","ACH","","SYNCHRONY BANK ONLINE PMT 170417","$50.00","","$5825.22"
"04/17/2017","ACH","","PAYPAL INST XFER 170413~ Tran: ACHDW","$67.19","","$5875.22"
"04/17/2017","ACH","","PAYPAL INST XFER 170413~ Tran: ACHDW","$67.19","","$5942.41"
"04/17/2017","VISA","","CORNER STORE 4118 HIGHLANDS RAN","$7.75","","$6009.60"
"04/16/2017","VISA","","CORNER STORE 1159 LITTLETON","$9.58","","$6017.35"
"04/16/2017","VISA","","MCDONALD'S F25575 LITTLETON CO #0000001","$11.98","","$6026.93"
"04/16/2017","VISA","","MCDONALD'S F10561 LITTLETON CO #0000001","$6.97","","$6038.91"
"04/16/2017","VISA","","STARBUCKS STORE 17ENGLEWOOD CO #0000001","$4.99","","$6045.88"
"04/16/2017","VISA","","MAD GREENS - 0114 LONE TREE CO #0000001","$9.89","","$6050.87"
"04/15/2017","VISA","","THE HOME DEPOT #1540 LITTLETON","$53.16","","$6060.76"
"04/15/2017","VISA","","CORNER STORE 4128 LITTLETON","$9.58","","$6113.92"
"04/15/2017","VISA","","PARRY`S PIZZA III HIGHLANDS RAN CO #000","$37.49","","$6123.50"
"04/15/2017","VISA","","CHICK-FIL-A #03183LITTLETON CO #0000001","$17.82","","$6160.99"
"04/15/2017","VISA","","The Old Blinking LHIGHLANDS RAN CO #000","$44.49","","$6178.81"
"04/14/2017","VISA","","SEI 27620 DENVER","$4.46","","$6223.30"
"04/14/2017","VISA","","THE PIPE JOINT    LITTLETON CO #0000001","$27.00","","$6227.76"
"04/14/2017","VISA","","CORNER STORE 1159 LITTLETON","$9.58","","$6254.76"
"04/14/2017","ACH","","LODE DATA CORPOR PAYROLL ~ Tran: ACHDD","","$1749.07","$6264.34"
"04/13/2017","VISA","","MCDONALD'S F18783 HIGHLANDS RAN CO #000","$5.03","","$4515.27"
"04/13/2017","VISA","","BUFFALO WILD WINGSLAKEWOOD CO #00000019","$27.74","","$4520.30"
"04/12/2017","VISA","","CORNER STORE 1159 LITTLETON","$9.08","","$4548.04"
"04/12/2017","VISA","","WALGREENS STORE 7443 W LITTLETON","$12.58","","$4557.12"
"04/12/2017","ATM","","LITTLETON QUINC 7870 WE DENVER","$27.00","","$4569.70"
"04/12/2017","VISA","","COLUMBINE ANIMAL HLITTLETON CO #0000001","$377.07","","$4596.70"
"04/12/2017","VISA","","PARRY`S PIZZA III HIGHLANDS RAN CO #000","$53.03","","$4973.77"
"04/12/2017","VISA","","PAW PRINTS        HIGHLANDS RAN CO #000","$12.31","","$5026.80"
"04/11/2017","VISA","","MY BROTHERS BAR & DENVER CO #0000001900","$49.08","","$5039.11"
"04/11/2017","VISA","","WENDYS #1660      LITTLETON CO #0000001","$16.60","","$5088.19"
"04/11/2017","VISA","","CORNER STORE 1159 LITTLETON","$9.08","","$5104.79"
"04/10/2017","VISA","","PANDA EXPRESS #545HIGHLANDS RAN CO #000","$7.46","","$5113.87"
"04/10/2017","VISA","","LOAF N JUG # 0809 LITTLETON CO #0000001","$35.82","","$5121.33"
"04/10/2017","VISA","","BUFFALO WILD WINGSLAKEWOOD CO #00000019","$6.99","","$5157.15"
"04/10/2017","VISA","","BUFFALO WILD WINGSLAKEWOOD CO #00000019","$14.29","","$5164.14"
"04/10/2017","VISA","","DAVIDSONS LIQUOR HIGHLANDS RAN CO #000","$7.34","","$5178.43"
"04/10/2017","ACH","","COMCAST ONLINE PMT 170410","$122.80","","$5185.77"
"04/09/2017","VISA","","LAZ PARKING 760946DENVER CO #0000001900","$5.00","","$5308.57"
"04/09/2017","VISA","","LOAF N JUG # 0809 LITTLETON CO #0000001","$24.49","","$5313.57"
"04/09/2017","VISA","","VIEWHOUSE II      CENTENNIAL CO #000000","$66.71","","$5338.06"
"04/09/2017","VISA","","CORNER STORE 1159 LITTLETON","$9.08","","$5404.77"
"04/08/2017","VISA","","CORNER STORE 4118 HIGHLANDS RAN","$7.77","","$5413.85"
"04/08/2017","VISA","","MCDONALD'S F18783 HIGHLANDS RAN CO #000","$5.03","","$5421.62"
"04/08/2017","VISA","","THE DAM GRILL     DENVER CO #0000001900","$35.55","","$5426.65"
"04/07/2017","VISA","","CORNER STORE 4128 LITTLETON","$9.08","","$5462.20"
"04/07/2017","ATM","","LITTLETON QUINC 7870 WE DENVER","$87.00","","$5471.28"
"04/07/2017","VISA","","PLANETTOYSFLYGREENDISC CENTENNIAL","$73.68","","$5558.28"
"04/07/2017","VISA","","MCDONALD'S F10561 LITTLETON CO #0000001","$12.42","","$5631.96"
"04/07/2017","VISA","","Amazon.com        AMZN.COM/BILL WA #000","$510.29","","$5644.38"
"04/07/2017","VISA","","CHICK-FIL-A #03183LITTLETON CO #0000001","$15.19","","$6154.67"
"04/07/2017","ACH","","BUFFALO WILD WIN PAYROLL 170404~ Tran: A","","$1187.09","$6169.86"
"04/06/2017","VISA","","CORNER STORE 1159 LITTLETON","$24.08","","$4982.77"
"04/06/2017","VISA","","AMAZON.COM AMZN.COAMZN.COM/BILL WA #000","$6.25","","$5006.85"
"04/05/2017","VISA","","CORNER STORE 1159 LITTLETON","$4.66","","$5013.10"
"04/05/2017","ACH","","XCEL ENERGY-PSCO ONLINE PMT 170405","$96.85","","$5017.76"
"04/05/2017","ACH","","PAYPAL ECHECK 170404","$9.00","","$5114.61"
"04/04/2017","VISA","","GOODWILL HIGHLANDSHIGHLANDS RAN CO #000","$3.14","","$5123.61"
"04/04/2017","VISA","","PAW PRINTS        HIGHLANDS RAN CO #000","$33.58","","$5126.75"
"04/04/2017","VISA","","AMAZON MKTPLACE PMAMZN.COM/BILL WA #000","$7.00","","$5160.33"
"04/04/2017","VISA","","CORNER STORE 4128 LITTLETON","$9.08","","$5167.33"
"04/04/2017","ACH","","PL*HighlandsRanc WEB PMTS 040417","$144.00","","$5176.41"
"04/03/2017","VISA","","KING SOOPERS 7901 S. BR LITTLETON","$117.44","","$5320.41"
"04/03/2017","VISA","","Amazon.com        AMZN.COM/BILL WA #000","$22.35","","$5437.85"
"04/03/2017","VISA","","CHICK-FIL-A #03183LITTLETON CO #0000001","$7.99","","$5460.20"
"04/03/2017","VISA","","CENTENNIAL WATER  888-8916064 CO #00000","$119.90","","$5468.19"
"04/03/2017","VISA","","STARBUCKS STORE 10LITTLETON CO #0000001","$4.88","","$5588.09"
"04/03/2017","VISA","","Wal-Mart Super Center 1 HIGHLANDS RAN","$22.96","","$5592.97"
"04/03/2017","ACH","","121 FCU ONLINE PMT 170403","$150.00","","$5615.93"
"04/03/2017","ACH","","PAYPAL INST XFER 170331","$53.86","","$5765.93"
"04/03/2017","ACH","","PAYPAL INST XFER 170331","$51.80","","$5819.79"
"04/03/2017","ACH","","PAYPAL INST XFER 170331","$1.34","","$5871.59"
"04/03/2017","ACH","","PAYPAL INST XFER 170331","$1.34","","$5872.93"
"04/03/2017","VISA","","CORNER STORE 1159 LITTLETON","$10.07","","$5874.27"
"04/02/2017","VISA","","THE HOME DEPOT #1540 LITTLETON","$40.18","","$5884.34"
"04/02/2017","VISA","","BUFFALO WILD WINGSLAKEWOOD CO #00000019","$24.74","","$5924.52"
"04/02/2017","VISA","","Amazon.com        AMZN.COM/BILL WA #000","$13.37","","$5949.26"
"04/02/2017","VISA","","MCDONALD'S F10561 LITTLETON CO #0000001","$12.42","","$5962.63"
"04/02/2017","VISA","","AMAZON MKTPLACE PMAMZN.COM/BILL WA #000","$34.16","","$5975.05"
"04/02/2017","VISA","","KING SOOPERS 8126 WADSW LITTLETON","$11.53","","$6009.21"
"04/01/2017","VISA","","THE HOME DEPOT #1540 LITTLETON","$91.44","","$6020.74"
"04/01/2017","VISA","","CORNER STORE 4128 LITTLETON","$9.07","","$6112.18"
"04/01/2017","VISA","","THE THIRSTY BEAR  LAKEWOOD CO #00000019","$60.98","","$6121.25"
"04/01/2017","VISA","","STARBUCKS STORE 05HIGHLANDS RAN CO #000","$9.87","","$6182.23"
"03/31/2017","INTADJUST","","Interest Paid","","$0.53","$6192.10"
"03/31/2017","ATMREBATE","","ATM Fee Rebate","","$18.00","$6191.57"
"03/31/2017","ATM","","LITTLETON QUINC 7870 WE DENVER","$122.00","","$6173.57"
"03/31/2017","VISA","","CORNER STORE 1159 LITTLETON","$22.13","","$6295.57"
"03/31/2017","ACH","","WELLS FARGO MTG ONLINE PMT 170331","$2275.64","","$6317.70"
"03/31/2017","ACH","","LODE DATA CORPOR PAYROLL ~ Tran: ACHDD","","$1749.06","$8593.34"
"03/31/2017","ACH","","LODE DATA CORPOR PAYROLL ~ Tran: ACHDD","","$765.30","$6844.28"
"03/30/2017","VISA","","WENDYS #1660      LITTLETON CO #0000001","$7.07","","$6078.98"
"03/30/2017","VISA","","STARBUCKS STORE 10LITTLETON CO #0000001","$4.88","","$6086.05"
"03/30/2017","VISA","","CORNER STORE 1159 LITTLETON","$9.57","","$6090.93"
"03/29/2017","VISA","","FIREHOUSE SUBS #88LITTLETON CO #0000001","$7.66","","$6100.50"
"03/29/2017","ACH","","PAYPAL INST XFER 170327~ Tran: ACHDW","$57.92","","$6108.16"
"03/28/2017","VISA","","CORNER STORE 4128 LITTLETON","$9.57","","$6166.08"
"03/28/2017","VISA","","WENDYS #1660      LITTLETON CO #0000001","$9.96","","$6175.65"
"03/27/2017","VISA","","STARBUCKS STORE 06HIGHLANDS RAN CO #000","$14.86","","$6185.61"
"03/27/2017","VISA","","KING SOOPERS 8126 WADSW LITTLETON","$21.46","","$6200.47"
"03/26/2017","VISA","","CORNER STORE 4128 LITTLETON","$9.57","","$6221.93"
"03/26/2017","VISA","","THE HOME DEPOT #1540 LITTLETON","$8.89","","$6231.50"
"03/26/2017","VISA","","TAMALE KITCHEN #8 HIGHLANDS RAN CO #000","$7.36","","$6240.39"
"03/26/2017","VISA","","BAD DADDY'S BURGERGREENWOOD VIL CO #000","$30.47","","$6247.75"
"03/26/2017","VISA","","WM SUPERCENTER # Wal-Ma HIGHLANDS RAN","$62.30","","$6278.22"
"03/26/2017","VISA","","WHOLEFDS HLR 101 9366 S HIGHLANDS RAN","$12.94","","$6340.52"
"03/26/2017","VISA","","KING SOOPERS 7901 S. BR LITTLETON","$98.67","","$6353.46"
"03/25/2017","VISA","","LOAF N JUG # 0809 LITTLETON CO #0000001","$9.66","","$6452.13"
"03/25/2017","ATM","","ULTRON PROCESSI LADY LU BLACK HAWK","$104.00","","$6461.79"
"03/25/2017","ATM","","ULTRON PROCESSI LADY LU BLACK HAWK","$204.00","","$6565.79"
"03/24/2017","VISA","","CORNER STORE 4128 LITTLETON","$5.15","","$6769.79"
"03/24/2017","VISA","","PANDA EXPRESS #545HIGHLANDS RAN CO #000","$18.06","","$6774.94"
"03/24/2017","VISA","","CHILI'S JEFFERSON LITTLETON CO #0000001","$46.81","","$6793.00"
"03/24/2017","VISA","","BIG O TIRES       LITTLETON CO #0000001","$55.84","","$6839.81"
"03/24/2017","VISA","","LOAF N JUG # 0809 LITTLETON CO #0000001","$19.68","","$6895.65"
"03/24/2017","VISA","","LOAF N JUG # 0809 LITTLETON CO #0000001","$23.02","","$6915.33"
"03/24/2017","ACH","","BUFFALO WILD WIN PAYROLL 170321~ Tran: A","","$1141.12","$6938.35"
"03/23/2017","ATM","","LITTLETON QUINC 7870 WE DENVER","$32.00","","$5797.23"
"03/23/2017","VISA","","CORNER STORE 1722 LITTLETON","$5.47","","$5829.23"
"03/23/2017","VISA","","QDOBA MEXICAN GRILLONE TREE CO #0000001","$4.33","","$5834.70"
"03/22/2017","VISA","","CORNER STORE 1159 LITTLETON","$9.57","","$5839.03"
"03/22/2017","VISA","","CHICK-FIL-A #689  LITTLETON CO #0000001","$15.82","","$5848.60"
"03/22/2017","VISA","","KING SOOPERS 8126 WADSW LITTLETON","$17.40","","$5864.42"
"03/22/2017","ACH","","AT&T MOBILITY ONLINE PMT 170322","$245.52","","$5881.82"
"03/21/2017","VISA","","DAVIDSONS LIQUOR INC. HIGHLANDS RAN","$37.78","","$6127.34"
"03/21/2017","VISA","","CORNER STORE 1159 LITTLETON","$5.57","","$6165.12"
"03/21/2017","VISA","","BUFFALO WILD WINGSFT. COLLINS CO #00000","$31.56","","$6170.69"
"03/21/2017","VISA","","MCDONALD'S F190   FORT COLLINS CO #0000","$4.61","","$6202.25"
"03/20/2017","VISA","","Wal-Mart Super Center 5 LITTLETON","$13.46","","$6206.86"
"03/20/2017","VISA","","THE COLORADO ROOM FORT COLLINS CO #0000","$23.50","","$6220.32"
"03/20/2017","VISA","","MULBERRY MAX      FORT COLLINS CO #0000","$3.64","","$6243.82"
"03/19/2017","VISA","","BUFFALO WILD WINGSFT. COLLINS CO #00000","$29.43","","$6247.46"
"03/19/2017","VISA","","STATE FARM        800-956-6310 IL #0000","$143.06","","$6276.89"
"03/19/2017","VISA","","L AND C LIQUORS   LITTLETON CO #0000001","$29.09","","$6419.95"
"03/19/2017","VISA","","SAFEWAY STORE     0876 FORT COLLINS","$13.49","","$6449.04"
"03/18/2017","VISA","","KFC/AW #486       LITTLETON CO #0000001","$6.50","","$6462.53"
"03/18/2017","VISA","","LOAF N JUG # 0809 LITTLETON CO #0000001","$15.87","","$6469.03"
"03/18/2017","VISA","","BUFFALO WILD WINGSLAKEWOOD CO #00000019","$15.91","","$6484.90"
"03/18/2017","VISA","","FATBOY'S BAR AND GAURORA CO #0000001900","$20.82","","$6500.81"
"03/18/2017","VISA","","SAFEWAY STORE     0876 FORT COLLINS","$33.28","","$6521.63"
"03/17/2017","VISA","","DICK'S CLOTHING&SPORTIN LITTLETON","$21.35","","$6554.91"
"03/17/2017","ACH","","SECURITY SVC FCU ONLINE PMT 170317","$555.89","","$6576.26"
"03/17/2017","ACH","","CAPITAL ONE CARD ONLINE PMT 170317","$100.00","","$7132.15"
"03/16/2017","ATM","","LITTLETON QUINC 7870 WE DENVER","$107.00","","$7232.15"
"03/16/2017","VISA","","KING SOOPERS 8126 WADSW LITTLETON","$16.34","","$7339.15"
"03/16/2017","VISA","","MCDONALD'S F18783 HIGHLANDS RAN CO #000","$5.03","","$7355.49"
"03/16/2017","VISA","","CORNER STORE 1159 HIGHLANDS RAN CO #000","$47.83","","$7360.52"
"03/16/2017","ACH","","SYNCHRONY BANK ONLINE PMT 170316","$66.00","","$7408.35"
"03/15/2017","ACH","","LODE DATA CORPOR PAYROLL ~ Tran: ACHDD","","$1749.07","$7474.35"
"03/14/2017","VISA","","CORNER STORE 1159 LITTLETON","$5.15","","$5725.28"
"03/14/2017","VISA","","PAW PRINTS        HIGHLANDS RAN CO #000","$40.26","","$5730.43"
"03/14/2017","VISA","","STARBUCKS STORE 06HIGHLANDS RAN CO #000","$4.99","","$5770.69"
"03/13/2017","VISA","","TAMALE KITCHEN #8 HIGHLANDS RAN CO #000","$7.36","","$5775.68"
"03/13/2017","VISA","","TYPSYS LIQUOR WORLLITTLETON CO #0000001","$17.84","","$5783.04"
"03/13/2017","VISA","","MCDONALD'S F10561 LITTLETON CO #0000001","$13.59","","$5800.88"
"03/13/2017","VISA","","PAW PRINTS        HIGHLANDS RAN CO #000","$9.44","","$5814.47"
"03/13/2017","VISA","","STARBUCKS STORE 06LITTLETON CO #0000001","$6.20","","$5823.91"
"03/13/2017","VISA","","CORNER STORE 1159 LITTLETON","$31.06","","$5830.11"
"03/13/2017","VISA","","KING SOOPERS 7901 S. BR LITTLETON","$136.58","","$5861.17"
"03/12/2017","VISA","","MCDONALD'S F10561 LITTLETON CO #0000001","$7.07","","$5997.75"
"03/12/2017","VISA","","GOOD TIMES DR THRUHIGHLANDS RAN CO #000","$9.54","","$6004.82"
"03/12/2017","VISA","","WENDYS #1660      LITTLETON CO #0000001","$7.71","","$6014.36"
"03/12/2017","VISA","","CORNER STORE 4128 LITTLETON","$9.57","","$6022.07"
"03/11/2017","VISA","","MCDONALD'S F18783 HIGHLANDS RAN CO #000","$5.03","","$6031.64"
"03/11/2017","VISA","","BUFFALO WILD WINGSLAKEWOOD CO #00000019","$45.14","","$6036.67"
"03/11/2017","VISA","","CORNER STORE 1722 LITTLETON","$20.00","","$6081.81"
"03/10/2017","VISA","","CORNER STORE 4128 LITTLETON","$9.57","","$6101.81"
"03/10/2017","VISA","","KING SOOPERS 7901 S. BR LITTLETON","$42.27","","$6111.38"
"03/10/2017","VISA","","KING SOOPERS 5673S. QUE HIGHLANDS RAN","$28.97","","$6153.65"
"03/10/2017","VISA","","SALSA BRAVA / URBAHIGHLANDS RAN CO #000","$36.72","","$6182.62"
"03/10/2017","VISA","","CHICK-FIL-A #03183LITTLETON CO #0000001","$15.19","","$6219.34"
"03/10/2017","VISA","","THE PIPE JOINT    LITTLETON CO #0000001","$27.00","","$6234.53"
"03/10/2017","ACH","","COMCAST ONLINE PMT 170310","$122.80","","$6261.53"
"03/10/2017","ACH","","BUFFALO WILD WIN PAYROLL 170307~ Tran: A","","$832.82","$6384.33"
"03/09/2017","VISA","","CORNER STORE 4128 LITTLETON","$9.57","","$5551.51"
"03/09/2017","VISA","","MAD GREENS - 0101 CENTENNIAL CO #000000","$9.77","","$5561.08"
"03/09/2017","VISA","","DAVIDSONS LIQUOR  HIGHLANDS RAN CO #000","$24.13","","$5570.85"
"03/08/2017","VISA","","MCDONALD'S F6855  LITTLETON CO #0000001","$7.25","","$5594.98"
"03/08/2017","VISA","","CORNER STORE 4128 LITTLETON","$9.57","","$5602.23"
"03/07/2017","VISA","","DICK'S CLOTHING&SPORTIN LITTLETON","$19.23","","$5611.80"
"03/07/2017","VISA","","PLANETTOYSFLYGREENDISC CENTENNIAL","$90.77","","$5631.03"
"03/07/2017","VISA","","LOAF N JUG # 0809 LITTLETON CO #0000001","$25.04","","$5721.80"
"03/07/2017","VISA","","COLUMBINE WINES & LITTLETON CO #0000001","$10.92","","$5746.84"
"03/07/2017","ACH","","XCEL ENERGY-PSCO ONLINE PMT 170307","$100.23","","$5757.76"
"03/06/2017","ATM","","LITTLETON 7870 WEST QUI DENVER","$102.00","","$5857.99"
"03/06/2017","VISA","","CULINARY CREATIONS720-4822438 CO #00000","$19.45","","$5959.99"
"03/06/2017","VISA","","BUFFALO WILD WINGSLAKEWOOD CO #00000019","$17.90","","$5979.44"
"03/06/2017","ACH","","PAYPAL ECHECK 170304","$29.00","","$5997.34"
"03/05/2017","VISA","","HOOTERS LONE TREE LONE TREE CO #0000001","$47.93","","$6026.34"
"03/05/2017","VISA","","CORNER STORE 1159 LITTLETON","$9.57","","$6074.27"
"03/05/2017","VISA","","REI #50 LAKEWOOD LAKEWOODEffective  03/","$151.10","","$6083.84"
"03/04/2017","ATM","","LITTLETON QUINC 7870 WE DENVER","$67.00","","$6234.94"
"03/04/2017","VISA","","KING SOOPERS 8126 WADSW LITTLETON","$22.71","","$6301.94"
"03/04/2017","VISA","","MCDONALD'S F18783 HIGHLANDS RAN CO #000","$5.03","","$6324.65"
"03/04/2017","VISA","","LOAF N JUG # 0809 LITTLETON CO #0000001","$23.03","","$6329.68"
"03/04/2017","VISA","","BUFFALO WILD WINGSLAKEWOOD CO #00000019","$23.20","","$6352.71"
"03/04/2017","VISA","","FIREHOUSE SUBS #88LITTLETON CO #0000001","$9.05","","$6375.91"
"03/04/2017","VISA","","STARBUCKS STORE 05LITTLETON CO #0000001","$4.88","","$6384.96"
"03/03/2017","VISA","","CORNER STORE 4128 LITTLETON","$9.57","","$6389.84"
"03/03/2017","VISA","","PINON FAMILY PRACTLITTLETON CO #0000001","$25.00","","$6399.41"
"03/03/2017","VISA","","CHICK-FIL-A #689  LITTLETON CO #0000001","$15.34","","$6424.41"
"03/03/2017","ACH","","121 FCU ONLINE PMT 170303","$150.00","","$6439.75"
"03/03/2017","VISA","","CORNER STORE 1159 LITTLETON","$5.04","","$6589.75"
"03/02/2017","VISA","","KING SOOPERS 9820 BELLE LITTLETON","$3.88","","$6594.79"
"03/02/2017","VISA","","KING SOOPERS 8126 WADSW LITTLETON","$26.76","","$6598.67"
"03/02/2017","VISA","","KING SOOPERS 8126 WADSW LITTLETON","$4.25","","$6625.43"
"03/02/2017","VISA","","CAR WASH EXPRESS -HGHLNDS RANCH CO #000","$11.00","","$6629.68"
"03/02/2017","VISA","","KING SOOPERS 8126 WADSW LITTLETON","$30.52","","$6640.68"
"03/02/2017","VISA","","E 470 EXPRESS TOLL303-5373470 CO #00000","$34.40","","$6671.20"
"03/02/2017","VISA","","FUJIYAMA          HIGHLANDS RAN CO #000","$29.47","","$6705.60"
"03/02/2017","VISA","","CENTRAL NAILS AND HIGHLANDS RAN CO #000","$38.00","","$6735.07"
"03/02/2017","VISA","","COLORADO FARMS    DENVER CO #0000001900","$24.23","","$6773.07"
"03/01/2017","VISA","","PARRY`S PIZZA III HIGHLANDS RAN CO #000","$41.16","","$6797.30"
"03/01/2017","VISA","","SHELL Service Station HIGHLANDS RAN","$10.17","","$6838.46"
"03/01/2017","ACH","","WELLS FARGO MTG ONLINE PMT 170301","$2275.64","","$6848.63"
"03/01/2017","ACH","","IRS  TREAS 310 TAX REF 030117~ Tran: ACH","","$3543.00","$9124.27"
"02/28/2017","INTADJUST","","Interest Paid","","$0.23","$5581.27"
"02/28/2017","ATMREBATE","","ATM Fee Rebate","","$11.75","$5581.04"
"02/28/2017","VISA","","KING SOOPERS 7901 S. BR LITTLETON","$7.47","","$5569.29"
"02/28/2017","VISA","","CERBERUS BREWING CCOLORADO SPRI CO #000","$59.25","","$5576.76"
"02/28/2017","VISA","","STARBUCKS STORE 06HIGHLANDS RAN CO #000","$21.37","","$5636.01"
"02/28/2017","ACH","","LODE DATA CORPOR PAYROLL ~ Tran: ACHDD","","$1749.07","$5657.38"
"02/28/2017","ACH","","CO DEPT REVENUE TAX REFUND 170222~ Tran:","","$715.00","$3908.31"
"02/27/2017","ATM","","P270525 120 S BRODWAY DENVER","$63.00","","$3193.31"
"02/27/2017","VISA","","CAVE OF THE WINDS MANITOU SPRIN CO #000","$62.00","","$3256.31"
"02/27/2017","VISA","","ADVANCE LIQUORS   LITTLETON CO #0000001","$38.66","","$3318.31"
"02/27/2017","ATM","","LITTLETON QUINC 7870 WE DENVER","$27.00","","$3356.97"
"02/27/2017","VISA","","THE MORRISON INN  MORRISON CO #00000019","$44.35","","$3383.97"
"02/27/2017","ACH","","Electronic Deposit","","$402.55","$3428.32"
"02/26/2017","VISA","","64017 - 5280 LOT  DENVER CO #0000001900","$18.00","","$3025.77"
"02/26/2017","VISA","","64017 - 5280 LOT  DENVER CO #0000001900","$18.00","","$3043.77"
"02/26/2017","VISA","","ROCK BOTTOM DENVERDENVER CO #0000001900","$67.51","","$3061.77"
"02/26/2017","VISA","","STARBUCKS STORE 10DENVER CO #0000001900","$10.15","","$3129.28"
"02/26/2017","VISA","","SHELL Service Station HIGHLANDS RAN","$17.07","","$3139.43"
"02/26/2017","VISA","","SHELL Service Station HIGHLANDS RAN","$20.01","","$3156.50"
"02/25/2017","ATM","","MM Aurora 1900 Havana Aurora","$42.00","","$3176.51"
"02/25/2017","VISA","","E 470 EXPRESS TOLL303-5373470 CO #00000","$34.40","","$3218.51"
"02/25/2017","VISA","","STARBUCKS STORE 10LITTLETON CO #0000001","$4.99","","$3252.91"
"02/25/2017","VISA","","DIA PARKING OPERAT303-342-4633 CO #0000","$4.00","","$3257.90"
"02/25/2017","VISA","","DIA PARKING OPERAT303-342-4633 CO #0000","$4.00","","$3261.90"
"02/24/2017","VISA","","KING SOOPERS 7901 S. BR LITTLETON","$7.30","","$3265.90"
"02/24/2017","ATM","","CHAMPA 1555 CHAMPA STRE DENVER","$117.00","","$3273.20"
"02/24/2017","VISA","","LOS DOS POTRILLOS HIGHLANDS RAN CO #000","$65.34","","$3390.20"
"02/24/2017","VISA","","CHATFIELD WINE & SLITTLETON CO #0000001","$36.73","","$3455.54"
"02/24/2017","VISA","","LOAF N JUG # 0809 LITTLETON CO #0000001","$26.00","","$3492.27"
"02/24/2017","VISA","","GOOD TIMES DR THRUHIGHLANDS RAN CO #000","$9.54","","$3518.27"
"02/24/2017","ACH","","BUFFALO WILD WIN PAYROLL 170221~ Tran: A","","$1173.41","$3527.81"
"02/23/2017","VISA","","CORNER STORE 1159 LITTLETON","$47.83","","$2354.40"
"02/23/2017","VISA","","Wal-Mart Super Center 1 LITTLETON","","$6.11","$2402.23"
"02/22/2017","VISA","","WM SUPERCENTER # Wal-Ma LITTLETON","$6.11","","$2396.12"
"02/22/2017","VISA","","LOAF N JUG # 0809 LITTLETON CO #0000001","$22.95","","$2402.23"
"02/22/2017","VISA","","BUFFALO WILD WINGSLAKEWOOD CO #00000019","$31.77","","$2425.18"
"02/22/2017","VISA","","WENDYS #1660      LITTLETON CO #0000001","$17.67","","$2456.95"
"02/22/2017","ACH","","AT&T MOBILITY ONLINE PMT 170222","$244.86","","$2474.62"
"02/21/2017","VISA","","KING SOOPERS 7901 S. BR LITTLETON","$129.62","","$2719.48"
"02/21/2017","VISA","","PAW PRINTS        HIGHLANDS RAN CO #000","$33.58","","$2849.10"
"02/21/2017","VISA","","Wal-Mart Super Center 1 HIGHLANDS RAN","$48.00","","$2882.68"
"02/21/2017","VISA","","SAMS CLUB #6634 SAM'S C LITTLETON(SE)","$124.34","","$2930.68"
"02/21/2017","ACH","","Electronic Deposit","","$60.00","$3055.02"
"02/20/2017","VISA","","KING SOOPERS 11747 W. K LITTLETON","$18.55","","$2995.02"
"02/20/2017","ATM","","COLORADO CREDIT UNION 8 LITTLETON","$40.00","","$3013.57"
"02/19/2017","VISA","","CHIPOTLE 0712     THORNTON CO #00000019","$11.34","","$3053.57"
"02/19/2017","VISA","","MCDONALD'S F5818  FEDERAL HEIGH CO #000","$3.90","","$3064.91"
"02/19/2017","VISA","","LOAF N JUG # 0809 LITTLETON CO #0000001","$26.04","","$3068.81"
"02/19/2017","VISA","","CORNER STORE 4118 HIGHLANDS RAN CO #000","$47.83","","$3094.85"
"02/19/2017","VISA","","STATE FARM        800-956-6310 IL #0000","$107.93","","$3142.68"
"02/18/2017","VISA","","CULINARY CREATIONS720-4822438 CO #00000","$21.45","","$3250.61"
"02/18/2017","VISA","","DAVIDSONS LIQUOR  HIGHLANDS RAN CO #000","$17.84","","$3272.06"
"02/18/2017","VISA","","STARBUCKS STORE 06HIGHLANDS RAN CO #000","$7.67","","$3289.90"
"02/17/2017","VISA","","TAMALE KITCHEN #8 HIGHLANDS RAN CO #000","$14.98","","$3297.57"
"02/17/2017","VISA","","CARL'S JR #7736   PARKER CO #0000001900","$11.63","","$3312.55"
"02/17/2017","VISA","","STARBUCKS STORE 17ENGLEWOOD CO #0000001","$4.99","","$3324.18"
"02/17/2017","ACH","","SECURITY SVC FCU ONLINE PMT 170217","$555.89","","$3329.17"
"02/17/2017","ACH","","CAPITAL ONE CARD ONLINE PMT 170217","$100.00","","$3885.06"
"02/17/2017","ACH","","SYNCHRONY BANK ONLINE PMT 170217","$50.00","","$3985.06"
"02/16/2017","VISA","","SHELL Service Station AURORA","$12.24","","$4035.06"
"02/16/2017","VISA","","PARRY`S PIZZA III HIGHLANDS RAN CO #000","$40.69","","$4047.30"
"02/16/2017","VISA","","INTUIT *TURBOTAX  800-446-8848 CA #0000","$76.98","","$4087.99"
"02/15/2017","VISA","","CORNER STORE 1159 LITTLETON","$9.57","","$4164.97"
"02/15/2017","ACH","","LODE DATA CORPOR PAYROLL ~ Tran: ACHDD","","$1749.06","$4174.54"
"02/15/2017","VISA","","THE HOME DEPOT #1540 LITTLETON","$10.43","","$2425.48"
"02/14/2017","VISA","","CONOCO - UNITED PALITTLETON CO #0000001","$5.32","","$2435.91"
"02/14/2017","VISA","","WENDYS #1660      LITTLETON CO #0000001","$9.43","","$2441.23"
"02/14/2017","VISA","","CORNER STORE 4128 LITTLETON","$9.57","","$2450.66"
"02/13/2017","VISA","","KING SOOPERS 7901 S. BR LITTLETON","$2.79","","$2460.23"
"02/13/2017","VISA","","KING SOOPERS 7901 S. BR LITTLETON","$46.33","","$2463.02"
"02/13/2017","VISA","","LOAF N JUG # 0809 LITTLETON CO #0000001","$21.70","","$2509.35"
"02/13/2017","VISA","","PARRY`S PIZZA III HIGHLANDS RAN CO #000","$63.69","","$2531.05"
"02/13/2017","VISA","","DAVIDSONS LIQUOR  HIGHLANDS RAN CO #000","$105.48","","$2594.74"
"02/13/2017","VISA","","CORNER STORE 1159 LITTLETON","$5.04","","$2700.22"
"02/12/2017","ATM","","CIRCLE C-STORE 4960 S Y GREENWOOD VIL","$42.75","","$2705.26"
"02/11/2017","VISA","","CORNER STORE 1159 LITTLETON","$9.57","","$2748.01"
"02/11/2017","VISA","","ARBY'S 8491       LITTLETON CO #0000001","$9.74","","$2757.58"
"02/11/2017","VISA","","STARBUCKS STORE 06HIGHLANDS RAN CO #000","$9.87","","$2767.32"
"02/11/2017","VISA","","Wal-Mart Super Center 1 LITTLETON","$21.47","","$2777.19"
"02/10/2017","VISA","","CORNER STORE 1159 LITTLETON","$9.57","","$2798.66"
"02/10/2017","VISA","","PROM DISCOUNT LIQUHGHLNDS RANCH CO #000","$25.52","","$2808.23"
"02/10/2017","VISA","","PANDA EXPRESS #545HIGHLANDS RAN CO #000","$20.06","","$2833.75"
"02/10/2017","VISA","","TAMALE KITCHEN #8 HIGHLANDS RAN CO #000","$16.98","","$2853.81"
"02/10/2017","VISA","","KING SOOPERS 7901 S. BR LITTLETON","$124.36","","$2870.79"
"02/10/2017","VISA","","RED ROBIN NO 211  HIGHLANDS RAN CO #000","$52.27","","$2995.15"
"02/10/2017","ACH","","BUFFALO WILD WIN PAYROLL 170207~ Tran: A","","$1205.32","$3047.42"
"02/09/2017","VISA","","SHELL Service Station HIGHLANDS RAN","$29.53","","$1842.10"
"02/09/2017","VISA","","SHELL Service Station HIGHLANDS RAN","$10.17","","$1871.63"
"02/09/2017","VISA","","PARRY`S PIZZA III HIGHLANDS RAN CO #000","$28.38","","$1881.80"
"02/09/2017","VISA","","FIREHOUSE SUBS #63LONE TREE CO #0000001","$19.43","","$1910.18"
"02/09/2017","VISA","","STARBUCKS STORE 17ENGLEWOOD CO #0000001","$4.99","","$1929.61"
"02/08/2017","VISA","","Wal-Mart Super Center 1 HIGHLANDS RAN","$709.67","","$1934.60"
"02/08/2017","VISA","","TAMALE KITCHEN #8 HIGHLANDS RAN CO #000","$7.09","","$2644.27"
"02/08/2017","ACH","","COMCAST ONLINE PMT 170208","$98.28","","$2651.36"
"02/08/2017","VISA","","CORNER STORE 4118 HIGHLANDS RAN","$4.94","","$2749.64"
"02/07/2017","VISA","","QDOBA MEXICAN GRILHIGHLANDS RAN CO #000","$8.82","","$2754.58"
"02/07/2017","VISA","","DAVIDSONS LIQUOR  HIGHLANDS RAN CO #000","$31.48","","$2763.40"
"02/06/2017","VISA","","KING SOOPERS 7901 S. BR LITTLETON","$28.31","","$2794.88"
"02/06/2017","VISA","","EINSTEIN BROS BAGELITTLETON CO #0000001","$16.05","","$2823.19"
"02/06/2017","VISA","","MCDONALD'S F10561 LITTLETON CO #0000001","$12.42","","$2839.24"
"02/06/2017","ACH","","XCEL ENERGY-PSCO ONLINE PMT 170206","$139.72","","$2851.66"
"02/06/2017","ACH","","PAYPAL ECHECK 170204","$25.00","","$2991.38"
"02/05/2017","VISA","","KING SOOPERS 8126 WADSW LITTLETON","$33.80","","$3016.38"
"02/04/2017","VISA","","DAVIDSONS LIQUOR  HIGHLANDS RAN CO #000","$76.63","","$3050.18"
"02/04/2017","VISA","","SHELL OIL 57442466HIGHLANDS RAN CO #000","$6.11","","$3126.81"
"02/04/2017","VISA","","STARBUCKS STORE 06HIGHLANDS RAN CO #000","$11.34","","$3132.92"
"02/03/2017","VISA","","PANDA EXPRESS #545HIGHLANDS RAN CO #000","$14.91","","$3144.26"
"02/03/2017","VISA","","TAMALE KITCHEN #8 HIGHLANDS RAN CO #000","$15.24","","$3159.17"
"02/03/2017","VISA","","BUFFALO WILD WINGSLAKEWOOD CO #00000019","$15.36","","$3174.41"
"02/03/2017","VISA","","CHICK-FIL-A #03183LITTLETON CO #0000001","$7.35","","$3189.77"
"02/03/2017","ACH","","121 FCU ONLINE PMT 170203","$150.00","","$3197.12"
"02/02/2017","VISA","","CHICK-FIL-A #689  LITTLETON CO #0000001","$7.99","","$3347.12"
"02/02/2017","VISA","","STARBUCKS STORE 06HIGHLANDS RAN CO #000","$6.83","","$3355.11"
"02/01/2017","VISA","","BUFFALO WILD WINGSLAKEWOOD CO #00000019","$41.44","","$3361.94"
"02/01/2017","VISA","","CONOCO - UNITED PAHIGHLANDS RAN CO #000","$24.16","","$3403.38"
"02/01/2017","ACH","","WELLS FARGO MTG ONLINE PMT 170201","$2275.64","","$3427.54"
"02/01/2017","ACH","","XCEL ENERGY-PSCO ONLINE PMT 170201","$60.27","","$5703.18"
"02/01/2017","VISA","","CORNER STORE 4128 LITTLETON","$25.84","","$5763.45"
"01/31/2017","INTADJUST","","Interest Paid","","$0.34","$5789.29"
"01/31/2017","ATMREBATE","","ATM Fee Rebate","","$7.90","$5788.95"
"01/31/2017","ATM","","MM Aurora 1900 Havana Aurora","$162.00","","$5781.05"
"01/31/2017","VISA","","PAW PRINTS        HIGHLANDS RAN CO #000","$37.78","","$5943.05"
"01/31/2017","VISA","","WENDYS #1660      LITTLETON CO #0000001","$8.68","","$5980.83"
"01/31/2017","VISA","","STARBUCKS STORE 00CENTENNIAL CO #000000","$2.62","","$5989.51"
"01/31/2017","CHECK","","Check Paid #1500","$182.73","","$5992.13"
"01/31/2017","ACH","","LODE DATA CORPOR PAYROLL ~ Tran: ACHDD","","$1749.07","$6174.86"
"01/30/2017","VISA","","PARRY`S PIZZA III HIGHLANDS RAN CO #000","$73.81","","$4425.79"
"01/30/2017","VISA","","CORNER STORE 1159 LITTLETON","$46.79","","$4499.60"
"01/29/2017","VISA","","HOOTERS LONE TREE LONE TREE CO #0000001","$59.37","","$4546.39"
"01/29/2017","VISA","","MCDONALD'S F6855  LITTLETON CO #0000001","$4.58","","$4605.76"
"01/29/2017","VISA","","CORNER STORE 4128 LITTLETON","$4.17","","$4610.34"
"01/29/2017","VISA","","STARBUCKS STORE 06HIGHLANDS RAN CO #000","$7.67","","$4614.51"
"01/28/2017","VISA","","MCDONALD'S F18783 HIGHLANDS RAN CO #000","$5.03","","$4622.18"
"01/28/2017","VISA","","BUFFALO WILD WINGSLAKEWOOD CO #00000019","$35.80","","$4627.21"
"01/28/2017","VISA","","BUFFALO WILD WINGSLAKEWOOD CO #00000019","$46.82","","$4663.01"
"01/27/2017","VISA","","KING SOOPERS 8126 WADSW LITTLETON","$24.15","","$4709.83"
"01/27/2017","ACH","","BUFFALO WILD WIN PAYROLL 170124~ Tran: A","","$1178.23","$4733.98"
"01/26/2017","VISA","","KING SOOPERS 8126 WADSW LITTLETON","$13.64","","$3555.75"
"01/26/2017","VISA","","ARBY'S 8516       PARKER CO #0000001900","$9.53","","$3569.39"
"01/26/2017","VISA","","PARRY`S PIZZA III HIGHLANDS RAN CO #000","$29.38","","$3578.92"
"01/26/2017","VISA","","CORNER STORE 1159 LITTLETON","$9.36","","$3608.30"
"01/25/2017","VISA","","CHICK-FIL-A #03183LITTLETON CO #0000001","$15.19","","$3617.66"
"01/24/2017","VISA","","CORNER STORE 1159 LITTLETON","$9.36","","$3632.85"
"01/24/2017","VISA","","MCDONALD'S F10561 LITTLETON CO #0000001","$8.66","","$3642.21"
"01/24/2017","VISA","","LOAF N JUG # 0809 LITTLETON CO #0000001","$20.00","","$3650.87"
"01/24/2017","VISA","","OLD CHICAGO LAKEWOLAKEWOOD CO #00000019","$30.03","","$3670.87"
"01/23/2017","VISA","","KING SOOPERS 8126 WADSW LITTLETON","$15.59","","$3700.90"
"01/23/2017","VISA","","CORNER STORE 1159 LITTLETON","$9.36","","$3716.49"
"01/22/2017","VISA","","KING SOOPERS 8126 WADSW LITTLETON","$23.46","","$3725.85"
"01/21/2017","VISA","","FIVE GUYS #CO-0420HIGHLANDS RAN CO #000","$27.25","","$3749.31"
"01/21/2017","VISA","","STARBUCKS STORE 06HIGHLANDS RAN CO #000","$3.10","","$3776.56"
"01/21/2017","VISA","","CORNER STORE 4128 LITTLETON","$9.36","","$3779.66"
"01/20/2017","VISA","","KING SOOPERS 7901 S. BR LITTLETON","$5.09","","$3789.02"
"01/20/2017","VISA","","CORNER STORE 4128 LITTLETON","$4.94","","$3794.11"
"01/20/2017","VISA","","BONOS PIT BARBQ   CENTENNIAL CO #000000","$44.68","","$3799.05"
"01/20/2017","VISA","","CHICK-FIL-A #689  LITTLETON CO #0000001","$7.35","","$3843.73"
"01/20/2017","VISA","","STARBUCKS STORE 17ENGLEWOOD CO #0000001","$2.47","","$3851.08"
"01/20/2017","ACH","","AT&T MOBILITY ONLINE PMT 170120","$270.41","","$3853.55"
"01/20/2017","VISA","","CORNER STORE 1159 LITTLETONEffective  0","$19.95","","$4123.96"
"01/19/2017","VISA","","AMAZON MKTPLACE PMAMZN.COM/BILL WA #000","$10.00","","$4143.91"
"01/19/2017","VISA","","STATE FARM        800-956-6310 IL #0000","$153.60","","$4153.91"
"01/18/2017","VISA","","LOAF N JUG # 0809 LITTLETON CO #0000001","$30.00","","$4307.51"
"01/18/2017","VISA","","FIREHOUSE SUBS #88LITTLETON CO #0000001","$10.46","","$4337.51"
"01/18/2017","ACH","","Electronic Withdrawal","$134.13","","$4347.97"
"01/18/2017","ACH","","SYNCHRONY BANK ONLINE PMT 170118","$200.00","","$4482.10"
"01/17/2017","VISA","","KING SOOPERS 8126 WADSW LITTLETON","$108.07","","$4682.10"
"01/17/2017","VISA","","Wal-Mart Super Center 5 LITTLETON","$83.05","","$4790.17"
"01/17/2017","VISA","","WENDYS #1660      LITTLETON CO #0000001","$7.71","","$4873.22"
"01/17/2017","ACH","","SECURITY SVC FCU ONLINE PMT 170117","$555.89","","$4880.93"
"01/17/2017","ACH","","CAPITAL ONE CARD ONLINE PMT 170117","$100.00","","$5436.82"
"01/16/2017","VISA","","LOS DOS POTRILLOS CENTENNIAL CO #000000","$50.03","","$5536.82"
"01/16/2017","VISA","","TWIN PEAKS ARAPAHOCENTENNIAL CO #000000","$14.50","","$5586.85"
"01/15/2017","VISA","","TARGET T-2716 1265 Sgt Highlands Ran","$19.14","","$5601.35"
"01/15/2017","VISA","","THE HOME DEPOT #1540 LITTLETON","$33.44","","$5620.49"
"01/15/2017","VISA","","CHICK-FIL-A #02605LAKEWOOD CO #00000019","$5.82","","$5653.93"
"01/15/2017","VISA","","STARBUCKS STORE 17ENGLEWOOD CO #0000001","$2.89","","$5659.75"
"01/15/2017","VISA","","OUTBACK 0614      HIGHLANDS RAN CO #000","$81.23","","$5662.64"
"01/15/2017","VISA","","KING SOOPERS 7901 S. BR LITTLETON","$3.81","","$5743.87"
"01/15/2017","VISA","","KING SOOPERS 7901 S. BR LITTLETON","$55.67","","$5747.68"
"01/13/2017","VISA","","PINON FAMILY PRACTLITTLETON CO #0000001","$25.00","","$5803.35"
"01/13/2017","ACH","","COMCAST ONLINE PMT 170113","$166.54","","$5828.35"
"01/13/2017","ACH","","LODE DATA CORPOR PAYROLL ~ Tran: ACHDD","","$1749.06","$5994.89"
"01/13/2017","ACH","","LODE DATA CORPOR PAYROLL ~ Tran: ACHDD","","$765.30","$4245.83"
"01/13/2017","ACH","","BUFFALO WILD WIN PAYROLL 170110~ Tran: A","","$1308.89","$3480.53"
"01/12/2017","VISA","","7-ELEVEN 9100 W KEN CAR LITTLETON","$41.38","","$2171.64"
"01/12/2017","TRANSFER","","Transfer from Regular Savings -7737","","$435.38","$2213.02"
"01/11/2017","VISA","","KING SOOPERS 9551 UNIVE HIGHLANDS RAN","$11.70","","$1777.64"
"01/11/2017","VISA","","WHOLEFDS HLR 101 9366 S HIGHLANDS RAN","$11.16","","$1789.34"
"01/10/2017","VISA","","SHELL Service Station HIGHLANDS RAN","$10.17","","$1800.50"
"01/10/2017","VISA","","OFFICE MAX/OFFI 5136 S LITTLETON","$4.81","","$1810.67"
"01/10/2017","VISA","","PAW PRINTS        HIGHLANDS RAN CO #000","$37.78","","$1815.48"
"01/10/2017","ACH","","Electronic Withdrawal","$160.00","","$1853.26"
"01/09/2017","VISA","","GOODWILL COUNTY LILITTLETON CO #0000001","$2.14","","$2013.26"
"01/09/2017","VISA","","STARBUCKS STORE 06HIGHLANDS RAN CO #000","$21.41","","$2015.40"
"01/09/2017","VISA","","KING SOOPERS 5673S. QUE HIGHLANDS RAN","$4.18","","$2036.81"
"01/08/2017","VISA","","KING SOOPERS 7901 S. BR LITTLETON","$38.43","","$2040.99"
"01/08/2017","VISA","","TAMALE KITCHEN #8 HIGHLANDS RAN CO #000","$14.98","","$2079.42"
"01/08/2017","VISA","","PAW PRINTS        HIGHLANDS RAN CO #000","$9.44","","$2094.40"
"01/08/2017","VISA","","STARBUCKS STORE 17ENGLEWOOD CO #0000001","$4.99","","$2103.84"
"01/08/2017","VISA","","CORNER STORE 4128 LITTLETON","$33.00","","$2108.83"
"01/07/2017","VISA","","KING SOOPERS 7901 S. BR LITTLETON","$176.95","","$2141.83"
"01/07/2017","VISA","","THE HOME DEPOT 1549 MORRISON","$104.74","","$2318.78"
"01/07/2017","VISA","","STARBUCKS STORE 06HIGHLANDS RAN CO #000","$7.46","","$2423.52"
"01/06/2017","VISA","","PINON FAMILY PRACTLITTLETON CO #0000001","$25.00","","$2430.98"
"01/05/2017","VISA","","AMAZON MKTPLACE PMAMZN.COM/BILL WA #000","$220.73","","$2455.98"
"01/05/2017","VISA","","PHILLIPS 66 - UNITLONE TREE CO #0000001","$25.90","","$2676.71"
"01/05/2017","VISA","","FIREHOUSE SUBS #88LITTLETON CO #0000001","$10.46","","$2702.61"
"01/05/2017","ACH","","PAYPAL ECHECK 170104","$25.00","","$2713.07"
"01/04/2017","VISA","","WHOLEFDS HLR 101 9366 S HIGHLANDS RAN","$13.05","","$2738.07"
"01/04/2017","VISA","","TARGET T-1776 9390 W Cr Littleton","$8.32","","$2751.12"
"01/04/2017","VISA","","PROGRESSIVE LEASIN801-566-5511 UT #0000","$1048.95","","$2759.44"
"01/04/2017","VISA","","Q'S PUB & GRILLE  LITTLETON CO #0000001","$53.87","","$3808.39"
"01/04/2017","ACH","","121 FCU ONLINE PMT 170104","$175.00","","$3862.26"
"01/03/2017","VISA","","IKEA CENTENNIAL CENTENNIAL","$56.51","","$4037.26"
"01/03/2017","VISA","","KING SOOPERS 7901 S. BR LITTLETON","$151.42","","$4093.77"
"01/03/2017","VISA","","HIGHLANDS WINESELLHIGHLANDS RAN CO #000","$29.90","","$4245.19"
"01/03/2017","VISA","","TAMALE KITCHEN #8 HIGHLANDS RAN CO #000","$7.36","","$4275.09"
"01/03/2017","VISA","","E 470 EXPRESS TOLL303-5373470 CO #00000","$27.10","","$4282.45"
"01/03/2017","VISA","","PAW PRINTS        HIGHLANDS RAN CO #000","$19.94","","$4309.55"
"01/03/2017","VISA","","ORIENTAL CAFE     HIGHLANDS RAN CO #000","$30.94","","$4329.49"
"01/03/2017","VISA","","Wal-Mart Super Center 5 LITTLETON","$83.99","","$4360.43"
"01/03/2017","VISA","","WENDYS #0855      AURORA CO #0000001900","$7.65","","$4444.42"
"01/03/2017","ATM","","Cardtronics CCS 34  CEN HIGHLANDS RAN","$162.95","","$4452.07"
"01/03/2017","ACH","","121 FCU ONLINE PMT 170103","$150.00","","$4615.02"
"01/03/2017","VISA","","7-ELEVEN 9100 W KEN CAR LITTLETON","$66.90","","$4765.02"
"01/02/2017","VISA","","STARBUCKS STORE 06HIGHLANDS RAN CO #000","$9.87","","$4831.92"
"01/02/2017","VISA","","BACCHUS WINE AND SHIGHLANDS RAN CO #000","$33.58","","$4841.79"
"01/02/2017","DEPOSIT","","Deposit Mobile Banking","","$670.00","$4875.37"
"01/01/2017","VISA","","KING SOOPERS 7901 S. BR LITTLETON","$17.12","","$4205.37"
"01/01/2017","VISA","","LAMARS DONUTS 49  HIGHLANDS RAN CO #000","$12.27","","$4222.49"
"01/01/2017","VISA","","THE EGG AND I HIGHHIGHLANDS RAN CO #000","$37.85","","$4234.76"
"12/31/2016","ATM","","Cardtronics CCS 8500  W DENVER","$42.95","","$4272.61"
"12/31/2016","VISA","","GOOD TIMES DR THRUHIGHLANDS RAN CO #000","$9.33","","$4315.56"
"12/31/2016","VISA","","STARBUCKS STORE 05LITTLETON CO #0000001","$4.88","","$4324.89"
"12/30/2016","INTADJUST","","Interest Paid","","$0.15","$4329.77"
"12/30/2016","ATMREBATE","","ATM Fee Rebate","","$5.70","$4329.62"
"12/30/2016","VISA","","TARGET T-2716 1265 Sgt Highlands Ran","$9.14","","$4323.92"
"12/30/2016","VISA","","THE HOME DEPOT #1540 LITTLETON","$22.74","","$4333.06"
"12/30/2016","VISA","","CHICK-FIL-A #03183LITTLETON CO #0000001","$15.28","","$4355.80"
"12/30/2016","VISA","","STARBUCKS STORE 05LITTLETON CO #0000001","$8.93","","$4371.08"
"12/30/2016","VISA","","JIMMY JOHNS # 635 303-708-1999 CO #0000","$23.72","","$4380.01"
"12/30/2016","ACH","","CAPITAL ONE CARD ONLINE PMT 161230","$175.00","","$4403.73"
"12/30/2016","ACH","","XCEL ENERGY-PSCO ONLINE PMT 161230","$105.92","","$4578.73"
"12/30/2016","ACH","","BUFFALO WILD WIN PAYROLL 161228~ Tran: A","","$1074.55","$4684.65"
"12/30/2016","ACH","","LODE DATA CORPOR PAYROLL ~ Tran: ACHDD","","$1747.19","$3610.10"
"12/29/2016","VISA","","APPLIANCE FACTORY DENVER CO #0000001900","$15.70","","$1862.91"
"12/29/2016","VISA","","BUFFALO WILD WINGSLAKEWOOD CO #00000019","$37.14","","$1878.61"
"12/29/2016","VISA","","MCDONALD'S F19476 LITTLETON CO #0000001","$7.11","","$1915.75"
"12/29/2016","VISA","","STARBUCKS STORE 10LITTLETON CO #0000001","$7.25","","$1922.86"
"12/28/2016","VISA","","PROGRESSIVE LEASIN801-566-5511 UT #0000","$51.45","","$1930.11"
"12/28/2016","VISA","","APPLIANCE FACTORY CENTENNIAL CO #000000","$70.00","","$1981.56"
"12/28/2016","VISA","","MCDONALD'S F19476 LITTLETON CO #0000001","$12.15","","$2051.56"
"12/28/2016","VISA","","KING SOOPERS 11747 W. K LITTLETON","$12.46","","$2063.71"
"12/27/2016","VISA","","CORNER STORE 1159 LITTLETON","$29.88","","$2076.17"
"12/27/2016","VISA","","TAMALE KITCHEN 4  LITTLETON CO #0000001","$9.20","","$2106.05"
"12/27/2016","ATM","","Cardtronics CCS 9883 W LITTLETON","$142.75","","$2115.25"
"12/27/2016","VISA","","7-ELEVEN 9100 W KEN CAR LITTLETON","$44.19","","$2258.00"
"12/26/2016","VISA","","TSE JENNYSMARKET LITTLETON","$6.44","","$2302.19"
"12/26/2016","VISA","","CORNER STORE 1159 LITTLETON","$34.37","","$2308.63"
"12/26/2016","VISA","","CORNER STORE 1159 LITTLETON","$24.50","","$2343.00"
"12/26/2016","VISA","","HONEYBAKED HAM #07LITTLETON CO #0000001","$41.73","","$2367.50"
"12/25/2016","VISA","","TASTE OF PHILLY LILITTLETON CO #0000001","$21.80","","$2409.23"
"12/25/2016","VISA","","TOPGOLF CENTENNIAL214-377-0615 CO #0000","$16.02","","$2431.03"
"12/24/2016","VISA","","CORNER STORE 1159 LITTLETON","$9.36","","$2447.05"
"12/24/2016","VISA","","BUFFALO WILD WINGSLAKEWOOD CO #00000019","$9.18","","$2456.41"
"12/23/2016","VISA","","LOS DOS POTRILLOS HIGHLANDS RAN CO #000","$32.02","","$2465.59"
"12/23/2016","VISA","","BACCHUS WINE AND SHIGHLANDS RAN CO #000","$32.53","","$2497.61"
"12/23/2016","VISA","","THE HOME DEPOT #15LITTLETON CO #0000001","","$871.41","$2530.14"
"12/23/2016","VISA","","CORNER STORE 1159 LITTLETON","$9.36","","$1658.73"
"12/23/2016","VISA","","WENDY'S #2664     HIGHLANDS RAN CO #000","$18.23","","$1668.09"
"12/22/2016","VISA","","MCDONALD'S F18783 HIGHLANDS RAN CO #000","$6.91","","$1686.32"
"12/22/2016","VISA","","BUFFALO WILD WINGSLAKEWOOD CO #00000019","$23.00","","$1693.23"
"12/22/2016","VISA","","STARBUCKS STORE 17ENGLEWOOD CO #0000001","$6.51","","$1716.23"
"12/22/2016","VISA","","TSE JENNYSMARKET LITTLETON","$11.42","","$1722.74"
"12/22/2016","ACH","","AT&T MOBILITY ONLINE PMT 161222","$265.24","","$1734.16"
"12/21/2016","VISA","","KING SOOPERS 8126 WADSW LITTLETON","$166.44","","$1999.40"
"12/21/2016","VISA","","LOS DOS POTRILLOS HIGHLANDS RAN CO #000","$53.58","","$2165.84"
"12/21/2016","VISA","","PARRY`S PIZZA III HIGHLANDS RAN CO #000","$29.15","","$2219.42"
"12/21/2016","VISA","","THE HOME DEPOT #15LITTLETON CO #0000001","$871.41","","$2248.57"
"12/21/2016","VISA","","STATE FARM        800-956-6310 IL #0000","$167.54","","$3119.98"
"12/20/2016","VISA","","CORNER STORE 1159 LITTLETON","$20.00","","$3287.52"
"12/20/2016","VISA","","THE HOME DEPOT #1540 LITTLETON","$132.52","","$3307.52"
"12/20/2016","VISA","","TOKYO JOES HR 1   HIGHLANDS RAN CO #000","$13.02","","$3440.04"
"12/20/2016","VISA","","THE MIRAGE SPORTS LITTLETON CO #0000001","$18.00","","$3453.06"
"12/20/2016","VISA","","U-HAUL MOVING & STHGHLNDS RANCH CO #000","$7.61","","$3471.06"
"12/20/2016","VISA","","Amazon.com        AMZN.COM/BILL WA #000","$18.38","","$3478.67"
"12/20/2016","VISA","","STARBUCKS STORE 10LITTLETON CO #0000001","$8.93","","$3497.05"
"12/20/2016","VISA","","STARBUCKS STORE 05LITTLETON CO #0000001","$4.88","","$3505.98"
"12/20/2016","ACH","","Electronic Deposit","","$40.00","$3510.86"
"12/19/2016","VISA","","MCDONALD'S F10561 LITTLETON CO #0000001","$10.60","","$3470.86"
"12/19/2016","VISA","","CHICK-FIL-A #689  LITTLETON CO #0000001","$8.03","","$3481.46"
"12/19/2016","VISA","","THE HOME DEPOT #1540 LITTLETON","$15.66","","$3489.49"
"12/19/2016","VISA","","KING SOOPERS 6760 S. PI LITTLETON","$3.41","","$3505.15"
"12/18/2016","VISA","","IN *HERO'S PETS INC. LITTLETON","$25.71","","$3508.56"
"12/18/2016","VISA","","AUTOZONE  0837 6667 W O LITTLETON","$60.87","","$3534.27"
"12/18/2016","VISA","","VILLAGE CENTER LIQHIGHLANDS RAN CO #000","$25.19","","$3595.14"
"12/18/2016","VISA","","MCDONALD'S F19476 LITTLETON CO #0000001","$11.09","","$3620.33"
"12/18/2016","VISA","","FIREHOUSE SUBS #90CENTENNIAL CO #000000","$19.20","","$3631.42"
"12/18/2016","VISA","","U-HAUL-GARRISNJEWELAKEWOOD CO #00000019","","$139.99","$3650.62"
"12/18/2016","VISA","","RED ROBIN NO 211  HIGHLANDS RAN CO #000","$65.06","","$3510.63"
"12/18/2016","VISA","","DOMINO'S 6356     303-449-7101 CO #0000","$17.05","","$3575.69"
"12/17/2016","VISA","","IKEA CENTENNIAL CENTENNIAL","$105.20","","$3592.74"
"12/17/2016","VISA","","BUFFALO WILD WINGSLAKEWOOD CO #00000019","$53.76","","$3697.94"
"12/17/2016","VISA","","STARBUCKS STORE 10LITTLETON CO #0000001","$9.87","","$3751.70"
"12/17/2016","VISA","","CORNER STORE 1159 LITTLETON","$21.44","","$3761.57"
"12/17/2016","VISA","","Wal-Mart Super Center 5 LITTLETON","$16.72","","$3783.01"
"12/16/2016","VISA","","U-HAUL AT GARRI 9190 W LAKEWOOD","$139.99","","$3799.73"
"12/16/2016","VISA","","U-HAUL AT GARRI 9190 W LAKEWOOD","$139.99","","$3939.72"
"12/16/2016","VISA","","USPS.COM MOVER'S G800-238-3150 TN #0000","$1.00","","$4079.71"
"12/16/2016","VISA","","TAMALE KITCHEN 4  LITTLETON CO #0000001","$12.09","","$4080.71"
"12/16/2016","VISA","","PHILLIPS 66 - TSE LITTLETON CO #0000001","$23.47","","$4092.80"
"12/16/2016","ACH","","SECURITY SVC FCU ONLINE PMT 161216","$555.89","","$4116.27"
"12/16/2016","ACH","","COMCAST ONLINE PMT 161216","$122.20","","$4672.16"
"12/16/2016","ACH","","CAPITAL ONE CARD ONLINE PMT 161216","$100.00","","$4794.36"
"12/16/2016","ACH","","SYNCHRONY BANK ONLINE PMT 161216","$50.00","","$4894.36"
"12/16/2016","ACH","","BUFFALO WILD WIN PAYROLL 161213~ Tran: A","","$1262.64","$4944.36"
"12/15/2016","VISA","","7-ELEVEN 9100 W KEN CAR LITTLETON","$41.90","","$3681.72"
"12/15/2016","VISA","","KING SOOPERS 7437 S. SI LITTLETON","$24.08","","$3723.62"
"12/15/2016","VISA","","FIVE GUYS-CO # 110LONE TREE CO #0000001","$23.75","","$3747.70"
"12/15/2016","VISA","","BUFFALO WILD WINGSLAKEWOOD CO #00000019","$36.81","","$3771.45"
"12/15/2016","ACH","","LODE DATA CORPOR PAYROLL ~ Tran: ACHDD","","$1747.20","$3808.26"
"12/15/2016","ACH","","LODE DATA CORPOR PAYROLL ~ Tran: ACHDD","","$764.89","$2061.06"
"12/15/2016","ACH","","LODE DATA CORPOR PAYROLL ~ Tran: ACHDD","","$401.14","$1296.17"
"12/14/2016","VISA","","KING SOOPERS 8126 WADSW LITTLETON","$18.06","","$895.03"
"12/14/2016","VISA","","DOLLAR TREE 8601 W CROS LITTLETON","$22.42","","$913.09"
"12/14/2016","VISA","","CORNER STORE 1167 LITTLETON","$9.90","","$935.51"
"12/14/2016","VISA","","WM SUPERCENTER # Wal-Ma LITTLETON","$3.23","","$945.41"
"12/14/2016","VISA","","QDOBA MEXICAN GRILCENTENNIAL CO #000000","$13.13","","$948.64"
"12/13/2016","VISA","","7-ELEVEN 9100 W KEN CAR LITTLETON","$8.86","","$961.77"
"12/13/2016","VISA","","Amazon.com        AMZN.COM/BILL WA #000","$60.25","","$970.63"
"12/13/2016","FEE","","Outgoing Wire Transfer Fee","$25.00","","$1030.88"
"12/13/2016","WIRE","","Outgoing Wire","$5625.54","","$1055.88"
"12/12/2016","TRANSFER","","Transfer from Regular Savings -7737","","$5625.54","$6681.42"
"12/12/2016","VISA","","KFC/TB #435       LITTLETON CO #0000001","$10.09","","$1055.88"
"12/12/2016","VISA","","AMAZON MKTPLACE PMAMZN.COM/BILL WA #000","$13.44","","$1065.97"
"12/12/2016","VISA","","BUFFALO WILD WINGSLAKEWOOD CO #00000019","$40.08","","$1079.41"
"12/12/2016","VISA","","IN *HERO'S PETS I303-9721926 CO #00000","$31.49","","$1119.49"
"12/12/2016","VISA","","CHICK-FIL-A #1110 LITTLETON CO #0000001","$13.97","","$1150.98"
"12/11/2016","VISA","","CHICK-FIL-A #1110 LITTLETON CO #0000001","$7.35","","$1164.95"
"12/11/2016","VISA","","WALGREENS STORE 7443 W LITTLETON","$9.44","","$1172.30"
"12/08/2016","VISA","","BURGER KING #13484LITTLETON CO #0000001","$7.34","","$1181.74"
"12/07/2016","VISA","","MCDONALD'S F19476 LITTLETON CO #0000001","$6.60","","$1189.08"
"12/06/2016","VISA","","KING SOOPERS 8126 WADSW LITTLETON","$67.25","","$1195.68"
"12/06/2016","VISA","","Wal-Mart Super Center 5 LITTLETON","$15.14","","$1262.93"
"12/06/2016","ACH","","PAYPAL ECHECK 161204","$25.00","","$1278.07"
"12/05/2016","VISA","","AMAZON MKTPLACE PMAMZN.COM/BILL WA #000","$39.63","","$1303.07"
"12/04/2016","VISA","","TSE JENNYSMARKET LITTLETON","$21.08","","$1342.70"
"12/04/2016","ATM","","COLORADO CREDIT UNION 8 LITTLETON","$100.00","","$1363.78"
"12/04/2016","VISA","","CHICK-FIL-A #02605LAKEWOOD CO #00000019","$5.75","","$1463.78"
"12/04/2016","VISA","","KING SOOPERS 8126 WADSW LITTLETON","$2.72","","$1469.53"
"12/03/2016","VISA","","7-ELEVEN 9100 W KEN CAR LITTLETON","$41.90","","$1472.25"
"12/03/2016","VISA","","KING SOOPERS 7437 S. SI LITTLETON","$17.00","","$1514.15"
"12/03/2016","VISA","","KING SOOPERS 11747 W. K LITTLETON","$25.11","","$1531.15"
"12/03/2016","VISA","","NOODLES & CO WEB 1olo.com CO #000000190","$25.26","","$1556.26"
"12/03/2016","VISA","","MCDONALD'S F21390 LONETREE CO #00000019","$8.96","","$1581.52"
"12/03/2016","VISA","","BUFFALO WILD WINGSLAKEWOOD CO #00000019","$25.51","","$1590.48"
"12/03/2016","VISA","","WM SUPERCENTER # Wal-Ma LITTLETON","$49.00","","$1615.99"
"12/02/2016","ATM","","Cardtronics CCS 8500  W DENVER","$142.95","","$1664.99"
"12/02/2016","DEPOSIT","","Deposit Mobile Banking","","$100.00","$1807.94"
"12/02/2016","VISA","","CHICK-FIL-A #1110 LITTLETON CO #0000001","$15.28","","$1707.94"
"12/02/2016","VISA","","STARBUCKS STORE 05LITTLETON CO #0000001","$4.88","","$1723.22"
"12/02/2016","CHECK","","Check Paid #1437","$1250.00","","$1728.10"
"12/02/2016","ACH","","121 FCU ONLINE PMT 161202","$150.00","","$2978.10"
"12/02/2016","ACH","","XCEL ENERGY-PSCO ONLINE PMT 161202","$72.60","","$3128.10"
"12/02/2016","ACH","","BUFFALO WILD WIN PAYROLL 161129~ Tran: A","","$1213.75","$3200.70"
"12/01/2016","VISA","","THE HOME DEPOT 1549 MORRISON","$57.72","","$1986.95"
"12/01/2016","VISA","","HEADED WEST ENGLEWOOD","$33.92","","$2044.67"
"12/01/2016","VISA","","COLDSTONE         LITTLETON CO #0000001","$16.47","","$2078.59"
"12/01/2016","VISA","","BUFFALO WILD WINGSLAKEWOOD CO #00000019","$27.74","","$2095.06"
"11/30/2016","INTADJUST","","Interest Paid","","$0.07","$2122.80"
"11/30/2016","ATMREBATE","","ATM Fee Rebate","","$5.00","$2122.73"
"11/30/2016","VISA","","ON THE ROX        PARKER CO #0000001900","$32.76","","$2117.73"
"11/30/2016","VISA","","KOHLS 0415 8444 S KIPLI LITTLETON","$17.19","","$2150.49"
"11/30/2016","VISA","","THE HOME DEPOT 1549 MORRISON","$20.63","","$2167.68"
"11/30/2016","ACH","","LODE DATA CORPOR PAYROLL ~ Tran: ACHDD","","$1747.19","$2188.31"
"11/29/2016","ATM","","PUBLIC SERVICE 5944 S K LITTLETON","$143.00","","$441.12"
"11/27/2016","VISA","","IN *HERO'S PETS I303-9721926 CO #00000","$62.98","","$584.12"
"11/26/2016","VISA","","BOWLES CAFE       LITTLETON CO #0000001","$35.40","","$647.10"
"11/26/2016","VISA","","CONOCO - ALTA CONVLITTLETON CO #0000001","$20.00","","$682.50"
"11/26/2016","VISA","","STARBUCKS STORE 10LITTLETON CO #0000001","$6.20","","$702.50"
"11/25/2016","VISA","","PHILLIPS 66 - TSE LITTLETON CO #0000001","$24.00","","$708.70"
"11/25/2016","VISA","","7-ELEVEN 9100 W KEN CAR LITTLETON","$41.38","","$732.70"
"11/24/2016","VISA","","CHATFIELD WINE & SLITTLETON CO #0000001","$36.71","","$774.08"
"11/24/2016","VISA","","BUFFALO WILD WINGSLAKEWOOD CO #00000019","$21.74","","$810.79"
"11/24/2016","VISA","","BUFFALO WILD WINGSLAKEWOOD CO #00000019","$14.83","","$832.53"
"11/24/2016","VISA","","HONEYBAKED HAM #07LITTLETON CO #0000001","$61.13","","$847.36"
"11/24/2016","VISA","","STARBUCKS STORE 05LITTLETON CO #0000001","$7.25","","$908.49"
"11/24/2016","VISA","","KING SOOPERS 8126 WADSW LITTLETON","$15.96","","$915.74"
"11/23/2016","ATM","","Walmart Superce 7700 W LITTLETON","$42.00","","$931.70"
"11/23/2016","VISA","","7-ELEVEN 9100 W KEN CAR LITTLETON","$8.75","","$973.70"
"11/22/2016","VISA","","CHATFIELD WINE & SLITTLETON CO #0000001","$7.34","","$982.45"
"11/22/2016","VISA","","CHALLENGERS SPORTSAURORA CO #0000001900","$16.00","","$989.79"
"11/22/2016","ACH","","AT&T MOBILITY ONLINE PMT 161122","$168.37","","$1005.79"
"11/22/2016","VISA","","KING SOOPERS 8126 WADSW LITTLETON","$57.92","","$1174.16"
"11/21/2016","VISA","","Wal-Mart Super Center 5 LITTLETON","$11.15","","$1232.08"
"11/21/2016","VISA","","TAMALE KITCHEN    LITTLETON CO #0000001","$14.54","","$1243.23"
"11/21/2016","VISA","","CHATFIELD WINE & SLITTLETON CO #0000001","$16.78","","$1257.77"
"11/21/2016","VISA","","STARBUCKS STORE 06LITTLETON CO #0000001","$7.25","","$1274.55"
"11/21/2016","VISA","","KING SOOPERS 8126 WADSW LITTLETON","$23.66","","$1281.80"
"11/21/2016","ACH","","CAPITAL ONE ONLINE PMT ","$131.00","","$1305.46"
"11/20/2016","VISA","","LOS DOS POTRILLOS LITTLETON CO #0000001","$66.77","","$1436.46"
"11/20/2016","VISA","","INSPECTPRO        303-346-2250 CO #0000","$474.00","","$1503.23"
"11/19/2016","VISA","","MCDONALD'S F21390 LONETREE CO #00000019","$8.96","","$1977.23"
"11/19/2016","VISA","","BUFFALO WILD WINGSLAKEWOOD CO #00000019","$36.17","","$1986.19"
"11/19/2016","VISA","","FLOYDS 99 - SOUTHWLAKEWOOD CO #00000019","$30.00","","$2022.36"
"11/19/2016","VISA","","STATE FARM        800-956-6310 IL #0000","$167.54","","$2052.36"
"11/18/2016","VISA","","Wal-Mart Super Center 1 LITTLETON","$41.03","","$2219.90"
"11/18/2016","ACH","","SYNCHRONY BANK ONLINE PMT 161118","$50.00","","$2260.93"
"11/18/2016","ACH","","PAYPAL INST XFER 161116~ Tran: ACHDW","$13.00","","$2310.93"
"11/18/2016","ACH","","BUFFALO WILD WIN PAYROLL 161115~ Tran: A","","$1144.65","$2323.93"
"11/17/2016","VISA","","KING SOOPERS 8126 WADSW LITTLETON","$19.60","","$1179.28"
"11/17/2016","VISA","","MCDONALD'S F21390 LONETREE CO #00000019","$5.12","","$1198.88"
"11/17/2016","VISA","","ROBERTS ITALIAN RELITTLETON CO #0000001","$38.71","","$1204.00"
"11/17/2016","VISA","","JO-ANN FABRIC #109HUDSON OH #0000001900","$30.00","","$1242.71"
"11/17/2016","ACH","","SECURITY SVC FCU ONLINE PMT 161117","$555.89","","$1272.71"
"11/16/2016","VISA","","KING SOOPERS 8126 WADSW LITTLETON","$16.26","","$1828.60"
"11/16/2016","VISA","","SAMS CLUB #6635 SAM'S C LITTLETON","$113.58","","$1844.86"
"11/16/2016","VISA","","AMAZON MKTPLACE PMAMZN.COM/BILL WA #000","$24.98","","$1958.44"
"11/16/2016","VISA","","CHICK-FIL-A #1110 LITTLETON CO #0000001","$14.96","","$1983.42"
"11/16/2016","VISA","","PHILLIPS 66 - TSE LITTLETON CO #0000001","$23.27","","$1998.38"
"11/16/2016","VISA","","AT&T SM35 5405    DENVER CO #0000001900","$63.49","","$2021.65"
"11/16/2016","VISA","","AMAZON MKTPLACE PMAMZN.COM/BILL WA #000","$10.99","","$2085.14"
"11/16/2016","VISA","","STARBUCKS STORE 10LITTLETON CO #0000001","$9.87","","$2096.13"
"11/16/2016","CHECK","","Check Paid #1435","$5000.00","","$2106.00"
"11/16/2016","TRANSFER","","Transfer to Regular Savings -7737","$35.70","","$7106.00"
"11/15/2016","VISA","","7-ELEVEN 9100 W KEN CAR LITTLETON","$41.38","","$7141.70"
"11/15/2016","VISA","","OLD VINE LIQUORS  LITTLETON CO #0000001","$22.04","","$7183.08"
"11/15/2016","VISA","","TAMALE KITCHEN 4  LITTLETON CO #0000001","$12.09","","$7205.12"
"11/15/2016","VISA","","KING SOOPERS #0625LITTLETON CO #0000001","$19.73","","$7217.21"
"11/15/2016","ACH","","COMCAST ONLINE PMT 161115","$122.20","","$7236.94"
"11/15/2016","TRANSFER","","Transfer from Regular Savings -7737","","$5000.00","$7359.14"
"11/15/2016","ACH","","LODE DATA CORPOR PAYROLL ~ Tran: ACHDD","","$1747.21","$2359.14"
"11/14/2016","VISA","","STARBUCKS STORE 10LITTLETON CO #0000001","$9.87","","$611.93"
"11/14/2016","VISA","","DETTMER AUTOMOTIVELITTLETON CO #0000001","$1040.25","","$621.80"
"11/14/2016","VISA","","CORNER STORE 1722 LITTLETON","$11.36","","$1662.05"
"11/13/2016","VISA","","TAMALE KITCHEN 4  LITTLETON CO #0000001","$12.09","","$1673.41"
"11/13/2016","VISA","","WENDYS #5474      LITTLETON CO #0000001","$8.18","","$1685.50"
"11/12/2016","VISA","","BUFFALO WILD WINGSLAKEWOOD CO #00000019","$46.23","","$1693.68"
"11/12/2016","VISA","","MCDONALD'S F19476 LITTLETON CO #0000001","$11.92","","$1739.91"
"11/12/2016","VISA","","7-ELEVEN 9100 W KEN CAR LITTLETON","$8.75","","$1751.83"
"11/11/2016","TRANSFER","","Transfer from Regular Savings -7737","","$1100.00","$1760.58"
"11/11/2016","VISA","","KING SOOPERS 8126 WADSW LITTLETON","$7.25","","$660.58"
"11/11/2016","VISA","","KING SOOPERS 8126 WADSW LITTLETON","$13.82","","$667.83"
"11/10/2016","VISA","","WM SUPERCENTER # Wal-Ma LITTLETON","$50.23","","$681.65"
"11/09/2016","VISA","","CORNER STORE 4100 ENGLEWOOD","$6.01","","$731.88"
"11/09/2016","VISA","","WENDYS #5474      LITTLETON CO #0000001","$7.55","","$737.89"
"11/09/2016","VISA","","NONOS CAFE        HGHLNDS RANCH CO #000","$53.81","","$745.44"
"11/09/2016","VISA","","CORNER STORE 4128 LITTLETON","$20.00","","$799.25"
"11/08/2016","VISA","","MCDONALD'S F18783 HIGHLANDS RAN CO #000","$5.03","","$819.25"
"11/08/2016","VISA","","CARL'S JR #7736   PARKER CO #0000001900","$8.27","","$824.28"
"11/08/2016","VISA","","NORTH SHORE RESTAULITTLETON CO #0000001","$16.55","","$832.55"
"11/08/2016","VISA","","STARBUCKS STORE 10LITTLETON CO #0000001","$4.99","","$849.10"
"11/07/2016","VISA","","KING SOOPERS 11747 W. K LITTLETON","$95.95","","$854.09"
"11/07/2016","VISA","","WM SUPERCENTER # Wal-Ma LITTLETON","$60.38","","$950.04"
"11/07/2016","VISA","","MCDONALD'S F10392 LITTLETON CO #0000001","$7.12","","$1010.42"
"11/07/2016","VISA","","TAMALE KITCHEN 4  LITTLETON CO #0000001","$7.36","","$1017.54"
"11/07/2016","VISA","","PARRY`S PIZZA III HIGHLANDS RAN CO #000","$54.78","","$1024.90"
"11/07/2016","VISA","","HOOTERS LONE TREE LONE TREE CO #0000001","$40.45","","$1079.68"
"11/07/2016","ACH","","CAPITAL ONE ONLINE PMT ","$100.00","","$1120.13"
"11/07/2016","ACH","","PAYPAL ECHECK 161104","$25.00","","$1220.13"
"11/05/2016","VISA","","DAVIDSONS LIQUOR  HIGHLANDS RAN CO #000","$31.49","","$1245.13"
"11/04/2016","VISA","","7-ELEVEN 9100 W KEN CAR LITTLETON","$41.38","","$1276.62"
"11/04/2016","VISA","","CHILI'S JEFFERSON LITTLETON CO #0000001","$54.98","","$1318.00"
"11/04/2016","VISA","","THE PINT ROOM     LITTLETON CO #0000001","$60.94","","$1372.98"
"11/04/2016","VISA","","STARBUCKS STORE 17ENGLEWOOD CO #0000001","$8.93","","$1433.92"
"11/04/2016","CHECK","","Check Paid #1432","$1250.00","","$1442.85"
"11/04/2016","TRANSFER","","Transfer to Regular Savings -7737","$600.74","","$2692.85"
"11/04/2016","ACH","","BUFFALO WILD WIN PAYROLL 161101~ Tran: A","","$1206.23","$3293.59"
"11/03/2016","VISA","","MCDONALD'S F19476 LITTLETON CO #0000001","$6.60","","$2087.36"
"11/03/2016","VISA","","CORNER STORE 4128 LITTLETON CO #0000001","$9.36","","$2093.96"
"11/03/2016","ACH","","121 FCU ONLINE PMT 161103","$150.00","","$2103.32"
"11/02/2016","VISA","","COLUMBINE WINES & LITTLETON CO #0000001","$16.66","","$2253.32"
"11/02/2016","VISA","","CORNER STORE 4128 LITTLETON","$15.01","","$2269.98"
"11/01/2016","VISA","","CHATFIELD WINE & SLITTLETON CO #0000001","$18.88","","$2284.99"
"11/01/2016","VISA","","MCDONALD'S F19476 LITTLETON CO #0000001","$4.50","","$2303.87"
"11/01/2016","VISA","","PHILLIPS 66 - TSE LITTLETON CO #0000001","$22.64","","$2308.37"
"11/01/2016","VISA","","BAD DADDY'S BURGERLITTLETON CO #0000001","$25.71","","$2331.01"
"11/01/2016","ATM","","COLORADO CREDIT UNION 8 LITTLETON","$160.00","","$2356.72"
"11/01/2016","VISA","","UNITED PACIFIC 6 LITTLETON","$5.19","","$2516.72"
"11/01/2016","ACH","","XCEL ENERGY-PSCO ONLINE PMT 161101","$67.75","","$2521.91"
"11/01/2016","ACH","","CAPITAL ONE ONLINE PMT ","$100.00","","$2589.66"
"10/31/2016","INTADJUST","","Interest Paid","","$0.08","$2689.66"
"10/31/2016","ATMREBATE","","ATM Fee Rebate","","$4.50","$2689.58"
"10/31/2016","VISA","","BUFFALO WILD WINGSLAKEWOOD CO #00000019","$38.90","","$2685.08"
"10/31/2016","VISA","","KING SOOPERS 8126 WADSW LITTLETON","$21.93","","$2723.98"
"10/31/2016","ACH","","LODE DATA CORPOR PAYROLL ~ Tran: ACHDD","","$1747.19","$2745.91"
"10/29/2016","ATM","","COLORADO CREDIT UNION 8 LITTLETON","$120.00","","$998.72"
"10/27/2016","VISA","","Freddys Frozen CusLITTLETON CO #0000001","$9.44","","$1118.72"
"10/27/2016","VISA","","STARBUCKS STORE 17ENGLEWOOD CO #0000001","$2.57","","$1128.16"
"10/27/2016","ACH","","PAYPAL INST XFER 161026","$13.00","","$1130.73"
"10/26/2016","VISA","","KING SOOPERS 8126 WADSW LITTLETON","$57.98","","$1143.73"
"10/26/2016","VISA","","PHILLIPS 66 - TSE LITTLETON CO #0000001","$15.00","","$1201.71"
"10/25/2016","ACH","","CAPITAL ONE ONLINE PMT ","$130.00","","$1216.71"
"10/25/2016","ACH","","PASSPORT NATIONL PAYMENT 161024 1433~ Tr","$110.00","","$1346.71"
"10/24/2016","TRANSFER","","Transfer to Regular Savings -7737","$559.99","","$1456.71"
"10/24/2016","VISA","","CHICK-FIL-A #1110 LITTLETON CO #0000001","$14.23","","$2016.70"
"10/24/2016","ATM","","LITTLETON QUINC 7870 WE DENVER","$7.00","","$2030.93"
"10/24/2016","VISA","","7-ELEVEN 9100 W KEN CAR LITTLETON","$41.38","","$2037.93"
"10/24/2016","ACH","","AT&T MOBILITY ONLINE PMT 161024","$168.37","","$2079.31"
"10/23/2016","VISA","","QDOBA MEXICAN GRILLITTLETON CO #0000001","$12.60","","$2247.68"
"10/23/2016","ATM","","COLORADO CREDIT UNION 8 LITTLETON","$20.00","","$2260.28"
"10/22/2016","VISA","","STARBUCKS STORE 10LITTLETON CO #0000001","$7.46","","$2280.28"
"10/21/2016","VISA","","BURGER KING #13484LITTLETON CO #0000001","$16.33","","$2287.74"
"10/21/2016","VISA","","TAMALE KITCHEN 4  LITTLETON CO #0000001","$11.20","","$2304.07"
"10/21/2016","VISA","","BUFFALO WILD WINGSLAKEWOOD CO #00000019","$7.02","","$2315.27"
"10/21/2016","ACH","","BUFFALO WILD WIN PAYROLL 161018~ Tran: A","","$961.52","$2322.29"
"10/19/2016","VISA","","STATE FARM        800-956-6310 IL #0000","$167.54","","$1360.77"
"10/18/2016","VISA","","CORNER STORE 4128 LITTLETON CO #0000001","$11.67","","$1528.31"
"10/18/2016","ACH","","SYNCHRONY BANK ONLINE PMT 161018","$50.00","","$1539.98"
"10/17/2016","VISA","","GREEN WASH INC    LITTLETON CO #0000001","$8.75","","$1589.98"
"10/17/2016","VISA","","STARBUCKS STORE 10LITTLETON CO #0000001","$9.87","","$1598.73"
"10/17/2016","ACH","","SECURITY SVC FCU ONLINE PMT 161017","$555.89","","$1608.60"
"10/17/2016","ACH","","CAPITAL ONE CARD ONLINE PMT 161017","$250.00","","$2164.49"
"10/17/2016","ACH","","COMCAST ONLINE PMT 161017","$120.51","","$2414.49"
"10/16/2016","VISA","","KING SOOPERS 8126 WADSW LITTLETON","$132.13","","$2535.00"
"10/16/2016","VISA","","TAMALE KITCHEN 4  LITTLETON CO #0000001","$12.09","","$2667.13"
"10/15/2016","VISA","","CHATFIELD WINE & SLITTLETON CO #0000001","$16.79","","$2679.22"
"10/15/2016","VISA","","7-ELEVEN 9100 W KEN CAR LITTLETON","$41.38","","$2696.01"
"10/14/2016","VISA","","WM SUPERCENTER # Wal-Ma LITTLETON","$25.00","","$2737.39"
"10/14/2016","VISA","","MCDONALD'S F19476 LITTLETON CO #0000001","$6.60","","$2762.39"
"10/14/2016","VISA","","CHICK-FIL-A #1110 LITTLETON CO #0000001","$15.28","","$2768.99"
"10/14/2016","VISA","","KING SOOPERS 8126 WADSW LITTLETON","$18.88","","$2784.27"
"10/14/2016","ACH","","LODE DATA CORPOR PAYROLL ~ Tran: ACHDD","","$1633.41","$2803.15"
"10/13/2016","VISA","","BUFFALO WILD WINGSLAKEWOOD CO #00000019","$5.55","","$1169.74"
"10/13/2016","VISA","","PHILLIPS 66 - TSE LITTLETON CO #0000001","$32.00","","$1175.29"
"10/11/2016","VISA","","Amazon.com        AMZN.COM/BILL WA #000","$82.54","","$1207.29"
"10/11/2016","VISA","","MCDONALD'S F19476 LITTLETON CO #0000001","$4.92","","$1289.83"
"10/10/2016","VISA","","KING SOOPERS 8126 WADSW LITTLETON","$69.22","","$1294.75"
"10/10/2016","VISA","","TAMALE KITCHEN    LITTLETON CO #0000001","$4.22","","$1363.97"
"10/10/2016","VISA","","KING SOOPERS 8126 WADSW LITTLETON","$71.91","","$1368.19"
"10/09/2016","VISA","","MINI FOOD STORE ENGLEWOOD","$20.94","","$1440.10"
"10/09/2016","VISA","","SALVATION ARMY 170LITTLETON CO #0000001","$13.48","","$1461.04"
"10/08/2016","VISA","","KING SOOPERS 8126 WADSW LITTLETON","$10.41","","$1474.52"
"10/08/2016","VISA","","MCDONALD'S F18783 HIGHLANDS RAN CO #000","$5.03","","$1484.93"
"10/08/2016","VISA","","BONOS PIT BARBQ   CENTENNIAL CO #000000","$39.83","","$1489.96"
"10/08/2016","VISA","","BUFFALO WILD WINGSLAKEWOOD CO #00000019","$39.33","","$1529.79"
"10/08/2016","VISA","","PHILLIPS 66 - TSE LITTLETON CO #0000001","$26.43","","$1569.12"
"10/07/2016","VISA","","KOHLS 0415 8444 S KIPLI LITTLETON","$37.79","","$1595.55"
"10/07/2016","VISA","","SALVATION ARMY 170LITTLETON CO #0000001","$14.28","","$1633.34"
"10/07/2016","VISA","","7-ELEVEN 9100 W KEN CAR LITTLETON","$41.38","","$1647.62"
"10/07/2016","ACH","","BUFFALO WILD WIN PAYROLL 161004~ Tran: A","","$830.10","$1689.00"
"10/07/2016","VISA","","CORNER STORE 1141 LITTLETON","$4.94","","$858.90"
"10/05/2016","VISA","","7-ELEVEN 9100 W KEN CAR LITTLETON","$4.38","","$863.84"
"10/05/2016","VISA","","KING SOOPERS 8126 WADSW LITTLETON","$37.58","","$868.22"
"10/05/2016","ATM","","CT VCOM 11802 E OSWEGO ENGLEWOOD","$102.50","","$905.80"
"10/05/2016","VISA","","NOODLES & CO WEB 1olo.com CO #000000190","$12.05","","$1008.30"
"10/05/2016","VISA","","MCDONALD'S F21390 LONETREE CO #00000019","$5.12","","$1020.35"
"10/05/2016","ACH","","PAYPAL ECHECK 161004","$25.00","","$1025.47"
"10/04/2016","VISA","","KING SOOPERS #0625LITTLETON CO #0000001","$20.18","","$1050.47"
"10/04/2016","VISA","","CHUBBYS           LITTLETON CO #0000001","$6.17","","$1070.65"
"10/04/2016","VISA","","CHATFIELD WINE & SLITTLETON CO #0000001","$20.34","","$1076.82"
"10/04/2016","VISA","","PHILLIPS 66 - TSE LITTLETON CO #0000001","$10.00","","$1097.16"
"10/04/2016","CHECK","","Check Paid #1429","$1250.00","","$1107.16"
"10/03/2016","ATM","","COLORADO CREDIT UNION 8 LITTLETON","$160.00","","$2357.16"
"10/03/2016","VISA","","MCDONALD'S F19476 LITTLETON CO #0000001","$7.97","","$2517.16"
"10/03/2016","VISA","","THE SUNSET GRILLE CENTENNIAL CO #000000","$39.25","","$2525.13"
"10/03/2016","ACH","","121 FCU ONLINE PMT 161003","$150.00","","$2564.38"
"10/03/2016","ACH","","XCEL ENERGY-PSCO ONLINE PMT 161003","$89.31","","$2714.38"
"10/02/2016","VISA","","KING SOOPERS 8126 WADSW LITTLETON","$7.75","","$2803.69"
"10/02/2016","VISA","","IN *HERO'S PETS I303-9721926 CO #00000","$49.34","","$2811.44"
"10/02/2016","VISA","","BUFFALO WILD WINGSLAKEWOOD CO #00000019","$18.13","","$2860.78"
"10/02/2016","VISA","","GOOGNFC* USA*IVS VCLAYTON NJ #000000190","$5.00","","$2878.91"
"10/02/2016","VISA","","7-ELEVEN 9100 W KEN CAR LITTLETON","$8.75","","$2883.91"
"09/30/2016","INTADJUST","","Interest Paid","","$0.06","$2892.66"
"09/30/2016","ATMREBATE","","ATM Fee Rebate","","$2.00","$2892.60"
"09/30/2016","ACH","","LODE DATA CORPOR PAYROLL ~ Tran: ACHDD","","$1633.41","$2890.60"
"09/30/2016","ACH","","LODE DATA CORPOR PAYROLL ~ Tran: ACHDD","","$764.89","$1257.19"
"09/29/2016","VISA","","7-ELEVEN 9100 W KEN CAR LITTLETON","$8.75","","$492.30"
"09/28/2016","VISA","","NATURAL GROCERS MT 03 LAKEWOOD","$12.89","","$501.05"
"09/27/2016","VISA","","MCDONALD'S F19476 LITTLETON CO #0000001","$7.23","","$513.94"
"09/26/2016","VISA","","KING SOOPERS 8126 WADSW LITTLETON","$40.86","","$521.17"
"09/26/2016","VISA","","PETSMART INC 1084 8440 LITTLETON","$41.99","","$562.03"
"09/26/2016","VISA","","WALGREENS STORE 7443 W LITTLETON","$20.99","","$604.02"
"09/26/2016","VISA","","LTV/UNITED INFLIGH800-932-2732 FL #0000","$7.99","","$625.01"
"09/26/2016","VISA","","Wal-Mart Super Center 5 LITTLETON","$38.84","","$633.00"
"09/26/2016","VISA","","FLOYDS 99 - SOUTHWLAKEWOOD CO #00000019","$30.00","","$671.84"
"09/25/2016","VISA","","BURGER KING #13484LITTLETON CO #0000001","$17.06","","$701.84"
"09/25/2016","VISA","","Amazon.com        AMZN.COM/BILL WA #000","$22.93","","$718.90"
"09/25/2016","VISA","","ROBERTS ITALIAN RELITTLETON CO #0000001","$25.26","","$741.83"
"09/25/2016","VISA","","PHILLIPS 66 - TSE LITTLETON CO #0000001","$10.00","","$767.09"
"09/25/2016","VISA","","ON THE ROX        PARKER CO #0000001900","$31.24","","$777.09"
"09/25/2016","VISA","","TEXAS ROADHOUSE 21303-932-7427 CO #0000","$31.75","","$808.33"
"09/25/2016","VISA","","7-ELEVEN 9100 W KEN CAR LITTLETON","$11.77","","$840.08"
"09/24/2016","VISA","","MCDONALD'S F21390 LONETREE CO #00000019","$5.97","","$851.85"
"09/24/2016","VISA","","CHATFIELD WINE & SLITTLETON CO #0000001","$16.78","","$857.82"
"09/24/2016","VISA","","WENDYS #5474      LITTLETON CO #0000001","$16.04","","$874.60"
"09/23/2016","VISA","","STARBUCKS STORE 10LITTLETON CO #0000001","$7.46","","$890.64"
"09/23/2016","ACH","","AT&T MOBILITY ONLINE PMT 160923","$168.49","","$898.10"
"09/23/2016","ACH","","BUFFALO WILD WIN PAYROLL 160920~ Tran: A","","$958.84","$1066.59"
"09/22/2016","ATM","","COLORADO CREDIT UNION 8 LITTLETON","$100.00","","$107.75"
"09/22/2016","VISA","","OREILLY AUTO  0003LITTLETON CO #0000001","$15.71","","$207.75"
"09/22/2016","VISA","","TAMALE KITCHEN 4  LITTLETON CO #0000001","$12.09","","$223.46"
"09/22/2016","VISA","","BUFFALO WILD WINGSLAKEWOOD CO #00000019","$21.04","","$235.55"
"09/22/2016","TRANSFER","","Transfer from Regular Savings -7737","","$100.00","$256.59"
"09/21/2016","VISA","","KING SOOPERS 8126 WADSW LITTLETON","$26.27","","$156.59"
"09/21/2016","VISA","","STATE FARM        800-956-6310 IL #0000","$133.64","","$182.86"
"09/20/2016","VISA","","BURGER KING #13484LITTLETON CO #0000001","$7.75","","$316.50"
"09/20/2016","VISA","","#5719 EVERYDAY STOWESTMINSTER CO #00000","$6.29","","$324.25"
"09/20/2016","VISA","","ROBERTS ITALIAN RELITTLETON CO #0000001","$32.47","","$330.54"
"09/20/2016","VISA","","E 470 EXPRESS TOLL303-5373470 CO #00000","$31.35","","$363.01"
"09/20/2016","VISA","","LONGSHOT REST & LO303-7899653 CO #00000","$35.38","","$394.36"
"09/20/2016","VISA","","STARBUCKS STORE 05LITTLETON CO #0000001","$14.28","","$429.74"
"09/20/2016","VISA","","DOMINO'S 6243     941-907-6667 CO #0000","$25.13","","$444.02"
"09/19/2016","VISA","","LANE BRYANT 4539 LITTLETON","$90.09","","$469.15"
"09/19/2016","VISA","","MCDONALD'S F7070  ENGLEWOOD CO #0000001","$15.26","","$559.24"
"09/19/2016","VISA","","SQ *STREETZ LLC   Castle Rock CO #00000","$8.32","","$574.50"
"09/19/2016","VISA","","STARBUCKS STORE 05LITTLETON CO #0000001","$13.65","","$582.82"
"09/19/2016","DEPOSIT","","Deposit Mobile Banking","","$100.00","$596.47"
"09/19/2016","VISA","","7-ELEVEN 9100 W KEN CAR LITTLETON","$2.09","","$496.47"
"09/18/2016","VISA","","KING SOOPERS #0625LITTLETON CO #0000001","$21.00","","$498.56"
"09/18/2016","VISA","","MCDONALD'S F19476 LITTLETON CO #0000001","$11.00","","$519.56"
"09/18/2016","VISA","","JIMMY JOHN'S # 635303-708-1999 CO #0000","$10.11","","$530.56"
"09/17/2016","VISA","","BUFFALO WILD WINGSLAKEWOOD CO #00000019","$31.12","","$540.67"
"09/17/2016","VISA","","LITTLETON MY MART DENVER CO #0000001900","$5.97","","$571.79"
"09/17/2016","VISA","","KING SOOPERS 8126 WADSW LITTLETON","$23.18","","$577.76"
"09/17/2016","VISA","","7-ELEVEN 9100 W KEN CAR LITTLETON","$41.38","","$600.94"
"09/16/2016","VISA","","COAL MINE DRAGON  LITTLETON CO #0000001","$31.67","","$642.32"
"09/16/2016","VISA","","MCDONALD'S F19476 LITTLETON CO #0000001","$7.34","","$673.99"
"09/16/2016","VISA","","VEHICLE REGISTRATI303-534-3468 CO #0000","$72.68","","$681.33"
"09/16/2016","VISA","","CHIPOTLE 0143     LONE TREE CO #0000001","$10.20","","$754.01"
"09/16/2016","ACH","","SECURITY SVC FCU ONLINE PMT 160916","$555.89","","$764.21"
"09/16/2016","ACH","","CAPITAL ONE CARD ONLINE PMT 160916","$250.00","","$1320.10"
"09/16/2016","ACH","","SYNCHRONY BANK ONLINE PMT 160916","$150.00","","$1570.10"
"09/15/2016","TRANSFER","","Transfer to Regular Savings -7737","$1000.88","","$1720.10"
"09/15/2016","VISA","","KING SOOPERS 8126 WADSW LITTLETON","$8.83","","$2720.98"
"09/15/2016","VISA","","AMAZON MKTPLACE PMAMZN.COM/BILL WA #000","$43.68","","$2729.81"
"09/15/2016","VISA","","IN *HERO'S PETS I303-9721926 CO #00000","$62.98","","$2773.49"
"09/15/2016","VISA","","CARL'S JR #7736   PARKER CO #0000001900","$6.71","","$2836.47"
"09/15/2016","ACH","","COMCAST ONLINE PMT 160915","$110.00","","$2843.18"
"09/15/2016","ACH","","LODE DATA CORPOR PAYROLL ~ Tran: ACHDD","","$1633.41","$2953.18"
"09/14/2016","VISA","","NOODLES & CO WEB 1olo.com CO #000000190","$12.05","","$1319.77"
"09/14/2016","VISA","","AMAZON.COM AMZN.COAMZN.COM/BILL WA #000","$20.87","","$1331.82"
"09/14/2016","VISA","","Wal-Mart Super Center 1 LITTLETON","$2.90","","$1352.69"
"09/13/2016","VISA","","ARBY'S #7483      LITTLETON CO #0000001","$16.55","","$1355.59"
"09/13/2016","VISA","","PHILLIPS 66 - TSE LITTLETON CO #0000001","$25.30","","$1372.14"
"09/13/2016","ATM","","COLORADO CREDIT UNION 8 LITTLETON","$160.00","","$1397.44"
"09/12/2016","VISA","","CHATFIELD WINE & SLITTLETON CO #0000001","$14.16","","$1557.44"
"09/12/2016","VISA","","CHICK-FIL-A #02605LAKEWOOD CO #00000019","$15.54","","$1571.60"
"09/12/2016","VISA","","THE THIRSTY BEAR  LAKEWOOD CO #00000019","$20.00","","$1587.14"
"09/12/2016","TRANSFER","","Funds Transfer from Brokerage -6557","","$60.00","$1607.14"
"09/12/2016","VISA","","OREILLY AUTO PARTS 3787 LITTLETON","$14.77","","$1547.14"
"09/11/2016","VISA","","CONOCO - CITYMART LAKEWOOD CO #00000019","$20.00","","$1561.91"
"09/11/2016","VISA","","ON THE ROX        PARKER CO #0000001900","$41.49","","$1581.91"
"09/11/2016","VISA","","KING SOOPERS 9820 BELLE LITTLETON","$12.10","","$1623.40"
"09/10/2016","ATM","","AB PETROLEUM #2 2601 S. LAKEWOOD","$22.00","","$1635.50"
"09/10/2016","VISA","","BUFFALO WILD WINGSLAKEWOOD CO #00000019","$50.60","","$1657.50"
"09/10/2016","VISA","","7-ELEVEN 9100 W KEN CAR LITTLETON","$41.38","","$1708.10"
"09/09/2016","VISA","","QDOBA MEXICAN GRILCENTENNIAL CO #000000","$10.35","","$1749.48"
"09/09/2016","VISA","","WENDYS #0904      LITTLETON CO #0000001","$7.77","","$1759.83"
"09/09/2016","ADJUSTMENT","","Check #1428 09072016 64229-0916Effectiv","","$0.50","$1767.60"
"09/09/2016","ACH","","BUFFALO WILD WIN PAYROLL 160906~ Tran: A","","$972.45","$1767.10"
"09/08/2016","VISA","","7-ELEVEN 9100 W KEN CAR LITTLETON","$8.75","","$794.65"
"09/08/2016","VISA","","CHILI'S JEFFERSON LITTLETON CO #0000001","$45.00","","$803.40"
"09/08/2016","VISA","","PHILLIPS 66 - TSE LITTLETON CO #0000001","$15.03","","$848.40"
"09/08/2016","VISA","","KING SOOPERS 8126 WADSW LITTLETON","$20.44","","$863.43"
"09/07/2016","VISA","","MICHAELS STORES INC7008 LITTLETON","$9.03","","$883.87"
"09/07/2016","VISA","","Wal-Mart Super Center 5 LITTLETON","$28.72","","$892.90"
"09/07/2016","VISA","","7-ELEVEN 9355 E DRY CRE CENTENNIAL","$10.01","","$921.62"
"09/07/2016","VISA","","Wal-Mart Super Center 5 LITTLETON","$15.68","","$931.63"
"09/07/2016","VISA","","7-ELEVEN 9100 W KEN CAR LITTLETON","$8.75","","$947.31"
"09/07/2016","VISA","","STARBUCKS STORE 10LITTLETON CO #0000001","$10.61","","$956.06"
"09/07/2016","VISA","","MAGGIE SMITHS IRISCENTENNIAL CO #000000","$37.97","","$966.67"
"09/07/2016","CHECK","","Check Paid #1428","$1250.50","","$1004.64"
"09/06/2016","VISA","","YOGI BEARS JELLYSTLARKSPUR CO #00000019","$10.00","","$2255.14"
"09/06/2016","VISA","","BUFFALO WILD WINGSLAKEWOOD CO #00000019","$22.05","","$2265.14"
"09/06/2016","VISA","","BUFFALO WILD WINGSLAKEWOOD CO #00000019","$12.33","","$2287.19"
"09/06/2016","VISA","","COLUMBINE LOUNGE RLITTLETON CO #0000001","$13.23","","$2299.52"
"09/06/2016","VISA","","7-ELEVEN 9100 W KEN CAR LITTLETON","$8.56","","$2312.75"
"09/06/2016","ACH","","PAYPAL ECHECK 160902","$25.00","","$2321.31"
"09/06/2016","VISA","","WM SUPERCENTER  LITTLETON","$7.92","","$2346.31"
"09/05/2016","VISA","","7-ELEVEN 9100 W KEN CAR LITTLETON","$16.57","","$2354.23"
"09/04/2016","VISA","","KING SOOPERS 8126 WADSW LITTLETON","$8.38","","$2370.80"
"09/04/2016","VISA","","SAFEWAY STORE  1480 HIGHLANDS RAN","$16.56","","$2379.18"
"09/04/2016","VISA","","SHELL Service Station HIGHLANDS RAN","$10.00","","$2395.74"
"09/04/2016","VISA","","MCDONALD'S F19476 LITTLETON CO #0000001","$5.86","","$2405.74"
"09/04/2016","VISA","","WENDYS #5474      LITTLETON CO #0000001","$9.75","","$2411.60"
"09/04/2016","VISA","","KING SOOPERS 8126 WADSW LITTLETON","$18.08","","$2421.35"
"09/03/2016","VISA","","SAM'S Club 6635 WAL-SAM LITTLETON","$121.69","","$2439.43"
"09/03/2016","VISA","","ROBERTS ITALIAN RELITTLETON CO #0000001","$24.51","","$2561.12"
"09/03/2016","VISA","","7-ELEVEN 9100 W KEN CAR LITTLETON","$8.75","","$2585.63"
"09/02/2016","VISA","","Wal-Mart Super Center 5 LITTLETON","$8.48","","$2594.38"
"09/02/2016","VISA","","7-ELEVEN 9100 W KEN CAR LITTLETON","$4.38","","$2602.86"
"09/02/2016","ACH","","121 FCU ONLINE PMT 160902","$150.00","","$2607.24"
"09/02/2016","ACH","","XCEL ENERGY-PSCO ONLINE PMT 160902","$104.54","","$2757.24"
"09/01/2016","VISA","","Freddys Frozen CusLITTLETON CO #0000001","$2.44","","$2861.78"
"09/01/2016","VISA","","7-ELEVEN 9100 W KEN CAR LITTLETON","$10.62","","$2864.22"
"08/31/2016","INTADJUST","","Interest Paid","","$0.08","$2874.84"
"08/31/2016","ATMREBATE","","ATM Fee Rebate","","$8.50","$2874.76"
"08/31/2016","VISA","","KING SOOPERS 8126 WADSW LITTLETON","$3.14","","$2866.26"
"08/31/2016","ACH","","LODE DATA CORPOR PAYROLL ~ Tran: ACHDD","","$1633.41","$2869.40"
"08/30/2016","VISA","","7-ELEVEN 9100 W KEN CAR LITTLETON","$8.75","","$1235.99"
"08/30/2016","VISA","","KING SOOPERS 8126 WADSW LITTLETON","$25.13","","$1244.74"
"08/29/2016","VISA","","CHATFIELD WINE & SLITTLETON CO #0000001","$17.84","","$1269.87"
"08/29/2016","VISA","","WM SUPERCENTER # Wal-Ma LITTLETON","$37.90","","$1287.71"
"08/29/2016","VISA","","STARBUCKS STORE 10LITTLETON CO #0000001","$9.87","","$1325.61"
"08/29/2016","VISA","","ELITCH GARDENS - FDENVER CO #0000001900","$28.05","","$1335.48"
"08/29/2016","VISA","","LITTLE CAESARS 141LITTLETON CO #0000001","$18.76","","$1363.53"
"08/28/2016","VISA","","TAMALE KITCHEN 4  LITTLETON CO #0000001","$12.09","","$1382.29"
"08/28/2016","VISA","","PANDA EXPRESS #219DENVER CO #0000001900","$28.49","","$1394.38"
"08/28/2016","VISA","","MCDONALD'S F19476 LITTLETON CO #0000001","$11.32","","$1422.87"
"08/28/2016","VISA","","BONOS PIT BARBQ   CENTENNIAL CO #000000","$46.16","","$1434.19"
"08/28/2016","VISA","","ELITCH GARDENS    303-595-4386 CO #0000","$127.97","","$1480.35"
"08/27/2016","ATM","","ELITCH GARDENS 299 WALN DENVER","$63.50","","$1608.32"
"08/27/2016","VISA","","BUFFALO WILD WINGSLAKEWOOD CO #00000019","$30.48","","$1671.82"
"08/26/2016","VISA","","CORNER STORE 4118 HIGHLANDS RAN","$26.13","","$1702.30"
"08/26/2016","TRANSFER","","Funds Transfer to Brokerage -6557","$60.00","","$1728.43"
"08/26/2016","ACH","","BUFFALO WILD WIN PAYROLL 160823~ Tran: A","","$1239.89","$1788.43"
"08/25/2016","VISA","","IN *HERO'S PETS INC. 8 LITTLETON","$62.98","","$548.54"
"08/24/2016","VISA","","SWEDISH MEDICAL CE866-475-1385 TN #0000","$100.00","","$611.52"
"08/24/2016","VISA","","TAMALE KITCHEN 4  LITTLETON CO #0000001","$12.09","","$711.52"
"08/24/2016","VISA","","CORNER STORE 4128 LITTLETON CO #0000001","$30.00","","$723.61"
"08/23/2016","ATM","","KING SOOPERS #0 6470 E DENVER","$203.00","","$753.61"
"08/23/2016","VISA","","KING SOOPERS 11747 W. K LITTLETON","$15.82","","$956.61"
"08/23/2016","VISA","","7-ELEVEN 9100 W KEN CAR LITTLETON","$8.75","","$972.43"
"08/23/2016","VISA","","KING SOOPERS 8126 WADSW LITTLETON","$9.98","","$981.18"
"08/23/2016","VISA","","KING SOOPERS 8126 WADSW LITTLETON","$2.64","","$991.16"
"08/23/2016","VISA","","KING SOOPERS 8126 WADSW LITTLETON","$16.88","","$993.80"
"08/22/2016","VISA","","CHATFIELD WINE & SLITTLETON CO #0000001","$25.36","","$1010.68"
"08/22/2016","VISA","","STARBUCKS STORE 10LITTLETON CO #0000001","$4.99","","$1036.04"
"08/22/2016","VISA","","WALGREENS STORE 7443 W LITTLETON","$13.63","","$1041.03"
"08/22/2016","ACH","","AT&T MOBILITY ONLINE PMT 160822","$168.39","","$1054.66"
"08/21/2016","VISA","","KING SOOPERS 8126 WADSW LITTLETON","$46.01","","$1223.05"
"08/21/2016","VISA","","TAMALE KITCHEN 4  LITTLETON CO #0000001","$7.36","","$1269.06"
"08/21/2016","ATM","","Walmart Superce 7700 W LITTLETON","$22.00","","$1276.42"
"08/21/2016","VISA","","Wal-Mart Super Center 1 LITTLETON","$1.03","","$1298.42"
"08/21/2016","VISA","","Wal-Mart Super Center 1 LITTLETON","$1.48","","$1299.45"
"08/20/2016","VISA","","SAM'S Club 6635 WAL-SAM LITTLETON","$52.68","","$1300.93"
"08/20/2016","VISA","","KING SOOPERS 8126 WADSW LITTLETON","$24.12","","$1353.61"
"08/20/2016","VISA","","KING SOOPERS 8126 WADSW LITTLETON","$2.99","","$1377.73"
"08/20/2016","VISA","","BUFFALO WILD WINGSLAKEWOOD CO #00000019","$29.76","","$1380.72"
"08/20/2016","VISA","","BUFFALO WILD WINGSLAKEWOOD CO #00000019","$21.74","","$1410.48"
"08/20/2016","VISA","","MCDONALD'S F19476 LITTLETON CO #0000001","$4.80","","$1432.22"
"08/20/2016","VISA","","FIREHOUSE SUBS #63LONE TREE CO #0000001","$19.43","","$1437.02"
"08/19/2016","VISA","","BUFFALO WILD WINGSLAKEWOOD CO #00000019","$38.78","","$1456.45"
"08/19/2016","VISA","","IN *HERO'S PETS I303-9721926 CO #00000","","$13.17","$1495.23"
"08/19/2016","VISA","","CONOCO - UNITED PALITTLETON CO #0000001","$23.86","","$1482.06"
"08/19/2016","VISA","","STATE FARM        800-956-6310 IL #0000","$133.64","","$1505.92"
"08/18/2016","VISA","","LOS DOS POTRILLOS LITTLETON CO #0000001","$68.73","","$1639.56"
"08/18/2016","VISA","","STARBUCKS STORE 17ENGLEWOOD CO #0000001","$4.99","","$1708.29"
"08/18/2016","ACH","","SYNCHRONY BANK ONLINE PMT 160818","$55.00","","$1713.28"
"08/17/2016","VISA","","TARGET T-2023 10001 Com Lone Tree","$4.99","","$1768.28"
"08/17/2016","ACH","","SECURITY SVC FCU ONLINE PMT 160817","$555.89","","$1773.27"
"08/16/2016","VISA","","IN *HERO'S PETS INC. 8 LITTLETON","$17.33","","$2329.16"
"08/16/2016","VISA","","KING SOOPERS 8126 WADSW LITTLETON","$65.59","","$2346.49"
"08/15/2016","VISA","","ROBERTS ITALIAN RELITTLETON CO #0000001","$20.03","","$2412.08"
"08/15/2016","VISA","","CORNER STORE 4128 LITTLETON CO #0000001","$9.49","","$2432.11"
"08/15/2016","ACH","","COMCAST ONLINE PMT 160815","$182.73","","$2441.60"
"08/15/2016","ACH","","LODE DATA CORPOR PAYROLL ~ Tran: ACHDD","","$1633.42","$2624.33"
"08/14/2016","VISA","","7-ELEVEN 9100 W KEN CAR LITTLETON","$2.29","","$990.91"
"08/14/2016","VISA","","CHICK-FIL-A #1110 LITTLETON CO #0000001","$7.55","","$993.20"
"08/13/2016","VISA","","CONOCO - CITYMART LAKEWOOD CO #00000019","$1.39","","$1000.75"
"08/13/2016","VISA","","7-ELEVEN 9100 W KEN CAR LITTLETON","$41.38","","$1002.14"
"08/12/2016","VISA","","7-ELEVEN 9100 W KEN CAR LITTLETON","$4.38","","$1043.52"
"08/12/2016","ACH","","BUFFALO WILD WIN PAYROLL 160809~ Tran: A","","$1038.42","$1047.90"
"08/11/2016","VISA","","7-ELEVEN 9100 W KEN CAR LITTLETON","$4.38","","$9.48"
"08/11/2016","ATM","","COLORADO CREDIT UNION 8 LITTLETON","$120.00","","$13.86"
"08/10/2016","TRANSFER","","Transfer from Regular Savings -7737","","$131.14","$133.86"
"08/09/2016","VISA","","KING SOOPERS 8126 WADSW LITTLETON","$76.14","","$2.72"
"08/09/2016","VISA","","BRADLEY PETROLEUM WHEATRIDGE CO #000000","$25.06","","$78.86"
"08/08/2016","VISA","","Wal-Mart Super Center 5 LITTLETON","$37.30","","$103.92"
"08/06/2016","VISA","","KING SOOPERS 8126 WADSW LITTLETON","$32.03","","$141.22"
"08/06/2016","VISA","","KING SOOPERS 8126 WADSW LITTLETON","$5.00","","$173.25"
"08/06/2016","VISA","","SAM'S Club 6635 WAL-SAM LITTLETON","$11.77","","$178.25"
"08/06/2016","VISA","","LHM NISSAN HIGHLANHIGHLANDS RAN CO #000","$29.40","","$190.02"
"08/06/2016","VISA","","HOOTERS LONE TREE LONE TREE CO #0000001","$49.12","","$219.42"
"08/06/2016","VISA","","KING SOOPERS 8126 WADSW LITTLETON","$2.00","","$268.54"
"08/06/2016","VISA","","STARBUCKS STORE 10LITTLETON CO #0000001","$9.87","","$270.54"
"08/05/2016","VISA","","THE MORRISON INN  MORRISON CO #00000019","$80.40","","$280.41"
"08/05/2016","VISA","","BIG O TIRES       LITTLETON CO #0000001","$45.34","","$360.81"
"08/05/2016","VISA","","TAMALE KITCHEN 4  LITTLETON CO #0000001","$12.09","","$406.15"
"08/05/2016","VISA","","BUFFALO WILD WINGSLAKEWOOD CO #00000019","$20.99","","$418.24"
"08/05/2016","VISA","","MCDONALD'S F19476 LITTLETON CO #0000001","$6.60","","$439.23"
"08/05/2016","VISA","","CHATFIELD WINE & SLITTLETON CO #0000001","$15.73","","$445.83"
"08/05/2016","VISA","","VUDU.COM          408-492-1010 CA #0000","$4.19","","$461.56"
"08/05/2016","CHECK","","Check Paid #1427","$1250.00","","$465.75"
"08/04/2016","VISA","","INNOVAPE          LONE TREE CO #0000001","$69.77","","$1715.75"
"08/04/2016","VISA","","Q'S PUB & GRILLE  LITTLETON CO #0000001","$23.01","","$1785.52"
"08/03/2016","VISA","","ROBERTS ITALIAN RELITTLETON CO #0000001","$16.65","","$1808.53"
"08/03/2016","VISA","","TAMALE KITCHEN 4  LITTLETON CO #0000001","$12.09","","$1825.18"
"08/03/2016","VISA","","Freddys Frozen CusLITTLETON CO #0000001","$9.44","","$1837.27"
"08/03/2016","VISA","","PHILLIPS 66 - TSE LITTLETON CO #0000001","$23.22","","$1846.71"
"08/03/2016","VISA","","STARBUCKS STORE 10LITTLETON CO #0000001","$9.87","","$1869.93"
"08/03/2016","ACH","","121 FCU ONLINE PMT 160803","$150.00","","$1879.80"
"08/03/2016","ACH","","PAYPAL ECHECK 160802","$25.00","","$2029.80"
"08/03/2016","ACH","","CAPITAL ONE ONLINE PMT ","$95.00","","$2054.80"
"08/03/2016","VISA","","KING SOOPERS 8126 WADSW LITTLETON","$11.68","","$2149.80"
"08/02/2016","ACH","","Electronic Deposit","","$51.74","$2161.48"
"08/02/2016","TRANSFER","","Transfer to Regular Savings -7737","$1720.00","","$2109.74"
"08/02/2016","VISA","","7-ELEVEN 9100 W KEN CAR LITTLETON","$44.52","","$3829.74"
"08/02/2016","VISA","","OLD VINE LIQUORS  LITTLETON CO #0000001","$15.22","","$3874.26"
"08/02/2016","VISA","","BUFFALO WILD WINGSLAKEWOOD CO #00000019","$16.20","","$3889.48"
"08/02/2016","ATM","","COLORADO CREDIT UNION 8 LITTLETON","$160.00","","$3905.68"
"08/01/2016","VISA","","KING SOOPERS 11747 W. K LITTLETON","$11.21","","$4065.68"
"08/01/2016","VISA","","E 470 EXPRESS TOLL303-5373470 CO #00000","$26.80","","$4076.89"
"08/01/2016","VISA","","CHICK-FIL-A #1110 LITTLETON CO #0000001","$14.63","","$4103.69"
"08/01/2016","VISA","","OLD CHICAGO AURORAAURORA CO #0000001900","$40.34","","$4118.32"
"08/01/2016","VISA","","KING SOOPERS 8126 WADSW LITTLETON","$12.39","","$4158.66"
"08/01/2016","ACH","","XCEL ENERGY-PSCO ONLINE PMT 160801","$112.76","","$4171.05"
"08/01/2016","VISA","","CORNER STORE 1722 LITTLETON","$9.36","","$4283.81"
"07/31/2016","VISA","","KING SOOPERS 8126 WADSW LITTLETON","$57.90","","$4293.17"
"07/31/2016","VISA","","OLD VINE LIQUORS  LITTLETON CO #0000001","$15.21","","$4351.07"
"07/31/2016","VISA","","PHILLIPS 66 - TSE LITTLETON CO #0000001","$26.14","","$4366.28"
"07/31/2016","VISA","","7-ELEVEN 9100 W KEN CAR LITTLETON","$4.38","","$4392.42"
"07/30/2016","VISA","","CHILI'S JEFFERSON LITTLETON CO #0000001","$27.85","","$4396.80"
"07/30/2016","VISA","","CORNER STORE 1722 LITTLETON","$4.94","","$4424.65"
"07/29/2016","INTADJUST","","Interest Paid","","$0.10","$4429.59"
"07/29/2016","ATMREBATE","","ATM Fee Rebate","","$15.00","$4429.49"
"07/29/2016","VISA","","SHOP & SAVE CONO LAKEWOOD","$7.77","","$4414.49"
"07/29/2016","ATM","","LITTLETON QUINC 7870 WE DENVER","$71.50","","$4422.26"
"07/29/2016","ACH","","BUFFALO WILD WIN PAYROLL 160726~ Tran: A","","$1111.52","$4493.76"
"07/29/2016","ACH","","LODE DATA CORPOR PAYROLL ~ Tran: ACHDD","","$1633.40","$3382.24"
"07/28/2016","VISA","","7-ELEVEN 9100 W KEN CAR LITTLETON","$8.75","","$1748.84"
"07/28/2016","VISA","","ARBY'S #7483      LITTLETON CO #0000001","$15.71","","$1757.59"
"07/28/2016","VISA","","STARBUCKS STORE 10LITTLETON CO #0000001","$9.87","","$1773.30"
"07/28/2016","VISA","","KING SOOPERS 8126 WADSW LITTLETON","$15.03","","$1783.17"
"07/27/2016","VISA","","BOWLES CAFE       LITTLETON CO #0000001","$30.52","","$1798.20"
"07/27/2016","VISA","","CHICK-FIL-A #1110 LITTLETON CO #0000001","$10.69","","$1828.72"
"07/27/2016","VISA","","CHATFIELD WINE & SLITTLETON CO #0000001","$8.26","","$1839.41"
"07/27/2016","VISA","","7-ELEVEN 9100 W KEN CAR LITTLETON","$8.75","","$1847.67"
"07/26/2016","ATM","","LITTLETON QUINC 7870 WE DENVER","$101.50","","$1856.42"
"07/26/2016","VISA","","Wal-Mart Super Center 5 LITTLETON","$19.61","","$1957.92"
"07/26/2016","VISA","","KING SOOPERS #0726PARKER CO #0000001900","$22.68","","$1977.53"
"07/26/2016","VISA","","KING SOOPERS 8126 WADSW LITTLETON","$29.57","","$2000.21"
"07/25/2016","VISA","","CORNER STORE 4128 LITTLETON","$9.36","","$2029.78"
"07/25/2016","VISA","","ALBERTSONS STORE  0839 Littleton","$5.25","","$2039.14"
"07/25/2016","ATM","","LITTLETON QUINC 7870 WE DENVER","$16.50","","$2044.39"
"07/24/2016","VISA","","7-ELEVEN 18883 EAST HAM AURORA","$7.45","","$2060.89"
"07/24/2016","VISA","","STARBUCKS STORE 10LITTLETON CO #0000001","$9.87","","$2068.34"
"07/24/2016","VISA","","S&S LIQUORS       LITTLETON CO #0000001","$6.64","","$2078.21"
"07/24/2016","VISA","","TAMALE KITCHEN 4  LITTLETON CO #0000001","$15.71","","$2084.85"
"07/24/2016","VISA","","7-ELEVEN 9100 W KEN CAR LITTLETON","$8.75","","$2100.56"
"07/23/2016","VISA","","SAFEWAY STORE  2722 LITTLETON","$3.07","","$2109.31"
"07/23/2016","VISA","","PHILLIPS 66 - TSE LITTLETON CO #0000001","$25.00","","$2112.38"
"07/23/2016","VISA","","7-ELEVEN 9100 W KEN CAR LITTLETON","$4.38","","$2137.38"
"07/22/2016","ATM","","LITTLETON QUINC 7870 WE DENVER","$26.50","","$2141.76"
"07/22/2016","ACH","","AT&T MOBILITY ONLINE PMT 160722","$168.39","","$2168.26"
"07/22/2016","VISA","","7-ELEVEN 9100 W KEN CAR LITTLETON","$10.73","","$2336.65"
"07/21/2016","VISA","","CHATFIELD WINE & SLITTLETON CO #0000001","$10.46","","$2347.38"
"07/20/2016","VISA","","KING SOOPERS 8126 WADSW LITTLETON","$26.57","","$2357.84"
"07/20/2016","VISA","","BUFFALO WILD WINGSLAKEWOOD CO #00000019","$16.83","","$2384.41"
"07/20/2016","VISA","","YARD HOUSE 8330008LONE TREE CO #0000001","$36.00","","$2401.24"
"07/20/2016","VISA","","STATE FARM        800-956-6310 IL #0000","$133.64","","$2437.24"
"07/20/2016","VISA","","GOOGLE *chompSMS  g.co/payhelp# CA #000","$2.99","","$2570.88"
"07/19/2016","VISA","","KING SOOPERS 8126 WADSW LITTLETON","$9.66","","$2573.87"
"07/19/2016","VISA","","Q'S PUB & GRILLE  LITTLETON CO #0000001","$23.51","","$2583.53"
"07/19/2016","VISA","","7-ELEVEN 9100 W KEN CAR LITTLETON","$8.45","","$2607.04"
"07/18/2016","VISA","","BURGER KING #13484LITTLETON CO #0000001","$7.75","","$2615.49"
"07/18/2016","VISA","","ONE STOP          LITTLETON CO #0000001","$5.26","","$2623.24"
"07/18/2016","VISA","","MCDONALD'S F19476 LITTLETON CO #0000001","$4.72","","$2628.50"
"07/18/2016","VISA","","CHICK-FIL-A #1110 LITTLETON CO #0000001","$6.29","","$2633.22"
"07/18/2016","VISA","","SQ *CALIFORNIA WRADENVER CO #0000001900","$9.87","","$2639.51"
"07/18/2016","ATM","","LITTLETON QUINC 7870 WE DENVER","$31.50","","$2649.38"
"07/18/2016","ACH","","PAYPAL INST XFER 160717","$20.00","","$2680.88"
"07/18/2016","ACH","","PAYPAL INST XFER 160717","$5.00","","$2700.88"
"07/18/2016","ACH","","SYNCHRONY BANK ONLINE PMT 160718","$57.00","","$2705.88"
"07/17/2016","VISA","","WM SUPERCENTER # Wal-Ma LITTLETON","$34.44","","$2762.88"
"07/17/2016","VISA","","STARBUCKS STORE 10LITTLETON CO #0000001","$9.87","","$2797.32"
"07/17/2016","VISA","","TSE JENNYSMARKET LITTLETON","$19.32","","$2807.19"
"07/16/2016","VISA","","7-ELEVEN 9100 W KEN CAR LITTLETON","$8.75","","$2826.51"
"07/16/2016","VISA","","TAMALE KITCHEN 4  LITTLETON CO #0000001","$12.56","","$2835.26"
"07/16/2016","VISA","","BUFFALO WILD WINGSLAKEWOOD CO #00000019","$32.56","","$2847.82"
"07/16/2016","VISA","","KING SOOPERS 7437 S. SI LITTLETON","$19.53","","$2880.38"
"07/16/2016","VISA","","KING SOOPERS 8126 WADSW LITTLETON","$39.48","","$2899.91"
"07/15/2016","VISA","","UNITED PACIFIC 6 LITTLETON","$4.08","","$2939.39"
"07/15/2016","VISA","","TWIN STAR ENERGY LITTLETON","$4.51","","$2943.47"
"07/15/2016","ATM","","LITTLETON QUINC 7870 WE DENVER","$16.50","","$2947.98"
"07/15/2016","ACH","","SECURITY SVC FCU ONLINE PMT 160715","$555.89","","$2964.48"
"07/15/2016","ACH","","COMCAST ONLINE PMT 160715","$120.74","","$3520.37"
"07/15/2016","VISA","","UNITED PACIFIC 6 LITTLETON","$5.61","","$3641.11"
"07/15/2016","ACH","","BUFFALO WILD WIN PAYROLL 160712~ Tran: A","","$1064.40","$3646.72"
"07/15/2016","ACH","","LODE DATA CORPOR PAYROLL ~ Tran: ACHDD","","$1633.42","$2582.32"
"07/14/2016","VISA","","KING SOOPERS 11747 W. K LITTLETON","$8.07","","$948.90"
"07/14/2016","VISA","","CORNER STORE 4128 LITTLETON","$4.94","","$956.97"
"07/14/2016","VISA","","CHILI'S JEFFERSON LITTLETON CO #0000001","$48.57","","$961.91"
"07/14/2016","VISA","","MCDONALD'S F19476 LITTLETON CO #0000001","$6.60","","$1010.48"
"07/14/2016","VISA","","KING SOOPERS 8126 WADSW LITTLETON","$9.44","","$1017.08"
"07/13/2016","VISA","","ARBY'S #7483      LITTLETON CO #0000001","$17.18","","$1026.52"
"07/13/2016","VISA","","7-ELEVEN 9100 W KEN CAR LITTLETON","$14.80","","$1043.70"
"07/12/2016","VISA","","IN *HERO'S PETS INC. 8 LITTLETON","$26.24","","$1058.50"
"07/12/2016","VISA","","BEST BUY #210 5396 S. W LITTLETON","$43.16","","$1084.74"
"07/11/2016","VISA","","CHATFIELD WINE & SLITTLETON CO #0000001","$32.53","","$1127.90"
"07/11/2016","VISA","","7-ELEVEN 9100 W KEN CAR LITTLETON","$8.75","","$1160.43"
"07/11/2016","ATM","","LITTLETON QUINC 7870 WE DENVER","$31.50","","$1169.18"
"07/09/2016","VISA","","TWIN STAR ENERGY LITTLETON","$4.51","","$1200.68"
"07/09/2016","VISA","","FIVE GUYS-CO # 110LONE TREE CO #0000001","$22.56","","$1205.19"
"07/09/2016","VISA","","BUFFALO WILD WINGSLAKEWOOD CO #00000019","$33.38","","$1227.75"
"07/09/2016","VISA","","7-ELEVEN 9100 W KEN CAR LITTLETON","$8.75","","$1261.13"
"07/08/2016","VISA","","CHICK-FIL-A #1110 LITTLETON CO #0000001","$14.31","","$1269.88"
"07/08/2016","VISA","","KING SOOPERS 7437 S. SI LITTLETON","$25.02","","$1284.19"
"07/08/2016","VISA","","WM SUPERCENTER # Wal-Ma LITTLETON","$37.40","","$1309.21"
"07/08/2016","ATM","","LITTLETON QUINC 7870 WE DENVER","$26.50","","$1346.61"
"07/07/2016","VISA","","CORNER STORE 4128 LITTLETON","$7.01","","$1373.11"
"07/07/2016","VISA","","PDGA              706-261-6342 GA #0000","$46.58","","$1380.12"
"07/07/2016","VISA","","Amazon Digital Svc866-216-1072 WA #0000","$9.39","","$1426.70"
"07/07/2016","VISA","","PINON FAMILY PRACT303-9482676 CO #00000","$50.00","","$1436.09"
"07/06/2016","CHECK","","Check Paid #1424","$1250.00","","$1486.09"
"07/06/2016","VISA","","7-ELEVEN 9100 W KEN CAR LITTLETON","$8.45","","$2736.09"
"07/05/2016","VISA","","CHATFIELD WINE & SLITTLETON CO #0000001","$16.33","","$2744.54"
"07/05/2016","ACH","","CAPITAL ONE ONLINE PMT ","$215.00","","$2760.87"
"07/05/2016","ACH","","PAYPAL ECHECK 160701","$25.00","","$2975.87"
"07/04/2016","VISA","","UNITED PACIFIC 6 LITTLETON","$9.34","","$3000.87"
"07/04/2016","ATM","","LITTLETON QUINC 7870 WE DENVER","$31.50","","$3010.21"
"07/04/2016","VISA","","KING SOOPERS 8126 WADSW LITTLETON","$1.39","","$3041.71"
"07/04/2016","VISA","","STARBUCKS STORE 10LITTLETON CO #0000001","$9.35","","$3043.10"
"07/03/2016","VISA","","KING SOOPERS 8126 WADSW LITTLETON","$33.54","","$3052.45"
"07/03/2016","VISA","","KING SOOPERS 7437 S. SI LITTLETON","$24.19","","$3085.99"
"07/03/2016","VISA","","KING SOOPERS 11747 W. K LITTLETON","$19.21","","$3110.18"
"07/03/2016","VISA","","TRADER JOE'S #306 LITTLETON","$7.86","","$3129.39"
"07/03/2016","VISA","","TAMALE KITCHEN 4  LITTLETON CO #0000001","$11.20","","$3137.25"
"07/03/2016","VISA","","CHICK-FIL-A #1110 LITTLETON CO #0000001","$14.21","","$3148.45"
"07/03/2016","VISA","","7-ELEVEN 9100 W KEN CAR LITTLETON","$8.75","","$3162.66"
"07/02/2016","VISA","","KING SOOPERS 8126 WADSW LITTLETON","$22.53","","$3171.41"
"07/02/2016","VISA","","SAM'S Club 6635 WAL-SAM LITTLETON","$45.00","","$3193.94"
"07/02/2016","VISA","","KIPLING ACE HARDWARE 59 LITTLETON","$14.15","","$3238.94"
"07/02/2016","VISA","","WM SUPERCENTER # Wal-Ma LITTLETON","$10.26","","$3253.09"
"07/02/2016","VISA","","UROLOGY ASSOCIATESLITTLETON CO #0000001","$25.00","","$3263.35"
"07/02/2016","VISA","","BUFFALO WILD WINGSLAKEWOOD CO #00000019","$27.31","","$3288.35"
"07/01/2016","VISA","","CORNER STORE 1722 LITTLETON","$9.36","","$3315.66"
"07/01/2016","ATM","","LITTLETON 7870 WEST QUI DENVER","$36.50","","$3325.02"
"07/01/2016","VISA","","STARBUCKS #05342 LLittleton CO #0000001","$4.67","","$3361.52"
"07/01/2016","ACH","","121 FCU ONLINE PMT 160701","$150.00","","$3366.19"
"07/01/2016","ACH","","XCEL ENERGY-PSCO ONLINE PMT 160701","$74.28","","$3516.19"
"07/01/2016","ACH","","CAPITAL ONE CARD ONLINE PMT 160701","$55.00","","$3590.47"
"07/01/2016","ACH","","BUFFALO WILD WIN PAYROLL 160628~ Tran: A","","$1178.66","$3645.47"
"06/30/2016","INTADJUST","","Interest Paid","","$0.06","$2466.81"
"06/30/2016","ATMREBATE","","ATM Fee Rebate","","$4.50","$2466.75"
"06/30/2016","VISA","","7-ELEVEN 9100 W KEN CAR LITTLETON","$4.38","","$2462.25"
"06/30/2016","ACH","","Electronic Withdrawal","$40.00","","$2466.63"
"06/30/2016","VISA","","7-ELEVEN 9100 W KEN CAR LITTLETON","$4.38","","$2506.63"
"06/30/2016","ACH","","LODE DATA CORPOR PAYROLL ~ Tran: ACHDD","","$1633.41","$2511.01"
"06/30/2016","ACH","","LODE DATA CORPOR PAYROLL ~ Tran: ACHDD","","$764.89","$877.60"
"06/29/2016","VISA","","Wal-Mart Super Center 5 LITTLETON","$30.18","","$112.71"
"06/29/2016","VISA","","KING SOOPERS 7437 S. SI LITTLETON","$22.00","","$142.89"
"06/29/2016","VISA","","KING SOOPERS 11747 W. K LITTLETON","$5.53","","$164.89"
"06/29/2016","VISA","","CITYMART CONOCO   LAKEWOOD CO #00000019","$4.73","","$170.42"
"06/29/2016","VISA","","SPORTSMANS INTERNE801-5666681 UT #00000","$29.67","","$175.15"
"06/27/2016","VISA","","BUFFALO WILD WINGSLAKEWOOD CO #00000019","$30.03","","$204.82"
"06/27/2016","VISA","","SQ *DESTINATION DICONIFER CO #000000190","$10.00","","$234.85"
"06/27/2016","VISA","","IN *HERO'S PETS INC. 8 LITTLETON","$36.49","","$244.85"
"06/27/2016","VISA","","KING SOOPERS 9820 BELLE LITTLETON","$17.35","","$281.34"
"06/27/2016","VISA","","WM SUPERCENTER # Wal-Ma LITTLETON","$37.84","","$298.69"
"06/26/2016","VISA","","TAMALE KITCHEN 4  LITTLETON CO #0000001","$12.09","","$336.53"
"06/26/2016","VISA","","STARBUCKS STORE 10LITTLETON CO #0000001","$9.35","","$348.62"
"06/26/2016","VISA","","7-ELEVEN 9100 W KEN CAR LITTLETON","$8.75","","$357.97"
"06/25/2016","VISA","","7-ELEVEN 9100 W KEN CAR LITTLETON","$4.38","","$366.72"
"06/25/2016","VISA","","7-ELEVEN 9100 W KEN CAR LITTLETON","$4.38","","$371.10"
"06/25/2016","VISA","","LOS DOS POTRILLOS LITTLETON CO #0000001","$24.11","","$375.48"
"06/24/2016","VISA","","KING SOOPERS 8126 WADSW LITTLETON","$7.64","","$399.59"
"06/24/2016","VISA","","KING SOOPERS 8126 WADSW LITTLETON","$134.55","","$407.23"
"06/24/2016","VISA","","OLD VINE LIQUORS  LITTLETON CO #0000001","$9.54","","$541.78"
"06/24/2016","VISA","","CHICK-FIL-A #452  LITTLETON CO #0000001","$7.04","","$551.32"
"06/24/2016","ACH","","121 FCU ONLINE PMT 160624","$405.00","","$558.36"
"06/24/2016","ACH","","CAPITAL ONE CARD ONLINE PMT 160624","$25.00","","$963.36"
"06/23/2016","VISA","","7-ELEVEN 9100 W KEN CAR LITTLETON","$4.38","","$988.36"
"06/23/2016","ATM","","LITTLETON QUINC 7870 WE DENVER","$61.50","","$992.74"
"06/23/2016","VISA","","RODEWAY INN       FT. MORGAN CO #000000","$170.32","","$1054.24"
"06/23/2016","VISA","","CHATFIELD WINE & SLITTLETON CO #0000001","$13.18","","$1224.56"
"06/22/2016","VISA","","BURGER KING #13484LITTLETON CO #0000001","$7.75","","$1237.74"
"06/22/2016","VISA","","MAVERICKS RESTAURAFORT MORGAN CO #00000","$50.26","","$1245.49"
"06/22/2016","VISA","","MAVERICKS RESTAURAFORT MORGAN CO #00000","$47.65","","$1295.75"
"06/22/2016","ATM","","COLORADO CREDIT UNION 8 LITTLETON","$40.00","","$1343.40"
"06/22/2016","ACH","","AT&T MOBILITY ONLINE PMT 160622","$168.35","","$1383.40"
"06/22/2016","VISA","","UNITED PACIFIC 6532 LITTLETON","$4.88","","$1551.75"
"06/21/2016","VISA","","MCDONALD'S #F21389PARKER CO #0000001900","$7.66","","$1556.63"
"06/21/2016","VISA","","MCDONALD'S F34515 FORT MORGAN CO #00000","$3.17","","$1564.29"
"06/21/2016","VISA","","WENDYS #5474      LITTLETON CO #0000001","$16.04","","$1567.46"
"06/21/2016","VISA","","7-ELEVEN 9100 W KEN CAR LITTLETON","$4.38","","$1583.50"
"06/21/2016","VISA","","Wal-Mart Super Center 5 LITTLETON","$27.90","","$1587.88"
"06/20/2016","VISA","","Wal-Mart Super Center 1 LITTLETON","$24.13","","$1615.78"
"06/20/2016","VISA","","GRID-IRON GRILL & FORT MORGAN CO #00000","$15.20","","$1639.91"
"06/20/2016","VISA","","NORTH MAIN LIQUOR FORT MORGAN CO #00000","$21.37","","$1655.11"
"06/20/2016","VISA","","CABLES PUB & GRILLFT MORGAN CO #0000001","$34.73","","$1676.48"
"06/20/2016","VISA","","MCDONALD'S F34515 FORT MORGAN CO #00000","$3.17","","$1711.21"
"06/20/2016","VISA","","STARBUCKS #05342 LLittleton CO #0000001","$4.67","","$1714.38"
"06/19/2016","VISA","","SHELL Service Station WHEAT RIDGE","$27.41","","$1719.05"
"06/19/2016","VISA","","BURGER KING #14788FORT MORGAN CO #00000","$6.66","","$1746.46"
"06/19/2016","VISA","","STATE FARM        800-956-6310 IL #0000","$133.64","","$1753.12"
"06/19/2016","VISA","","FOMO CONOCO FORT MORGAN","$3.18","","$1886.76"
"06/19/2016","VISA","","REATA TRAVEL STOP FORT MORGAN","$4.99","","$1889.94"
"06/19/2016","VISA","","7-ELEVEN 9100 W KEN CAR LITTLETON","$8.75","","$1894.93"
"06/18/2016","VISA","","IN *HERO'S PETS INC. 8 LITTLETON","$31.49","","$1903.68"
"06/18/2016","VISA","","MCDONALD'S F19476 LITTLETON CO #0000001","$11.32","","$1935.17"
"06/18/2016","VISA","","VIEWHOUSE II      CENTENNIAL CO #000000","$52.30","","$1946.49"
"06/18/2016","VISA","","STARBUCKS #05804 LLittleton CO #0000001","$4.67","","$1998.79"
"06/18/2016","VISA","","FOMO CONOCO FORT MORGAN","$9.59","","$2003.46"
"06/17/2016","VISA","","OLD VINE LIQUORS  LITTLETON CO #0000001","$11.01","","$2013.05"
"06/17/2016","VISA","","UNITED PACIFIC 6532 LITTLETON","$8.72","","$2024.06"
"06/17/2016","ACH","","CAPITAL ONE CARD ONLINE PMT 160617","$350.00","","$2032.78"
"06/17/2016","ACH","","SYNCHRONY BANK ONLINE PMT 160617","$200.00","","$2382.78"
"06/17/2016","VISA","","KING SOOPERS 8126 WADSW LITTLETON","$16.04","","$2582.78"
"06/17/2016","VISA","","KING SOOPERS 8126 WADSW LITTLETON","$35.26","","$2598.82"
"06/17/2016","ACH","","BUFFALO WILD WIN PAYROLL 160614~ Tran: A","","$1046.25","$2634.08"
"06/16/2016","ATM","","LITTLETON QUINC 7870 WE DENVER","$31.50","","$1587.83"
"06/16/2016","VISA","","FREAKYS 8         LAKEWOOD CO #00000019","$21.49","","$1619.33"
"06/16/2016","VISA","","QDOBA MEXICAN GRILLONE TREE CO #0000001","$8.44","","$1640.82"
"06/16/2016","VISA","","BAD DADDY'S BURGERLITTLETON CO #0000001","$47.30","","$1649.26"
"06/16/2016","VISA","","SHELL OIL 57442458HIGHLANDS RAN CO #000","$27.03","","$1696.56"
"06/16/2016","VISA","","LITTLETON CONOCO LITTLETON","$29.50","","$1723.59"
"06/16/2016","VISA","","7-ELEVEN 9100 W KEN CAR LITTLETON","$4.38","","$1753.09"
"06/15/2016","VISA","","Wal-Mart Super Center 1 LITTLETON","$21.48","","$1757.47"
"06/15/2016","VISA","","BUFFALO WILD WINGSLAKEWOOD CO #00000019","$49.17","","$1778.95"
"06/15/2016","VISA","","FIREHOUSE SUBS #63LONE TREE CO #0000001","$19.43","","$1828.12"
"06/15/2016","VISA","","7-ELEVEN 9100 W KEN CAR LITTLETON","$4.38","","$1847.55"
"06/15/2016","ACH","","COMCAST ONLINE PMT 160615","$126.73","","$1851.93"
"06/15/2016","ACH","","SECURITY SVC FCU ONLINE PMT 160615","$25.00","","$1978.66"
"06/15/2016","ACH","","LODE DATA CORPOR PAYROLL ~ Tran: ACHDD","","$1633.42","$2003.66"
"06/14/2016","VISA","","KING SOOPERS 8126 WADSW LITTLETON","$48.72","","$370.24"
"06/14/2016","VISA","","QDOBA MEXICAN GRILCENTENNIAL CO #000000","$8.33","","$418.96"
"06/14/2016","VISA","","CHATFIELD WINE & SLITTLETON CO #0000001","$7.74","","$427.29"
"06/14/2016","VISA","","CORNER STORE 4128 LITTLETON","$4.94","","$435.03"
"06/13/2016","VISA","","MCDONALD'S F37454 AURORA CO #0000001900","$6.89","","$439.97"
"06/13/2016","VISA","","KING SOOPERS 8126 WADSW LITTLETON","$26.96","","$446.86"
"06/12/2016","VISA","","ARBY'S #7483      LITTLETON CO #0000001","$9.12","","$473.82"
"06/12/2016","VISA","","7-ELEVEN 9100 W KEN CAR LITTLETON","$10.67","","$482.94"
"06/11/2016","VISA","","7-ELEVEN 9100 W KEN CAR LITTLETON","$6.36","","$493.61"
"06/11/2016","VISA","","BACCHUS WINE AND SHIGHLANDS RAN CO #000","$26.23","","$499.97"
"06/11/2016","VISA","","OLD VINE LIQUORS  LITTLETON CO #0000001","$14.70","","$526.20"
"06/11/2016","VISA","","HOSE DOWN CAR WASHLITTLETON CO #0000001","$3.25","","$540.90"
"06/10/2016","VISA","","Wal-Mart Super Center 1 LITTLETON","$40.81","","$544.15"
"06/10/2016","VISA","","TAMALE KITCHEN 4  LITTLETON CO #0000001","$11.20","","$584.96"
"06/10/2016","VISA","","CHICK-FIL-A #02605LAKEWOOD CO #00000019","$4.95","","$596.16"
"06/10/2016","VISA","","STARBUCKS #10316 LLittleton CO #0000001","$7.77","","$601.11"
"06/10/2016","VISA","","CORNER STORE 4128 LITTLETON","$4.94","","$608.88"
"06/09/2016","VISA","","TAMALE KITCHEN 4  LITTLETON CO #0000001","$7.36","","$613.82"
"06/09/2016","VISA","","BUFFALO WILD WINGSLAKEWOOD CO #00000019","$20.40","","$621.18"
"06/09/2016","VISA","","BUFFALO WILD WINGSLAKEWOOD CO #00000019","$20.40","","$641.58"
"06/09/2016","VISA","","STARBUCKS #10316 LLittleton CO #0000001","$4.67","","$661.98"
"06/09/2016","VISA","","WM SUPERCENTER # Wal-Ma LITTLETON","$29.96","","$666.65"
"06/09/2016","VISA","","UNITED PACIFIC 6532 988 LITTLETON","$24.88","","$696.61"
"06/08/2016","VISA","","KING SOOPERS 8126 WADSW LITTLETON","$74.42","","$721.49"
"06/08/2016","VISA","","KING SOOPERS 9820 BELLE LITTLETON","$8.47","","$795.91"
"06/07/2016","VISA","","IN *HERO'S PETS INC. 8 LITTLETON","$31.49","","$804.38"
"06/07/2016","VISA","","COLDSTONE         LITTLETON CO #0000001","$20.00","","$835.87"
"06/07/2016","VISA","","Amazon Digital Svc866-216-1072 WA #0000","$9.39","","$855.87"
"06/07/2016","VISA","","MCDONALD'S F6149  COLORADO SPRI CO #000","$6.91","","$865.26"
"06/07/2016","VISA","","CHATFIELD WINE & SLITTLETON CO #0000001","$5.32","","$872.17"
"06/07/2016","CHECK","","Check Paid #1423","$1250.00","","$877.49"
"06/07/2016","ACH","","PAYPAL INST XFER 160606","$10.00","","$2127.49"
"06/06/2016","VISA","","WM SUPERCENTER # Wal-Ma LITTLETON","$41.48","","$2137.49"
"06/06/2016","VISA","","Amazon Video On DeAMZN.COM/bill WA #000","$5.99","","$2178.97"
"06/06/2016","VISA","","THAI BASIL OF KEN LITTLETON CO #0000001","$30.47","","$2184.96"
"06/06/2016","VISA","","BEAU'S ROADHOUSE  COLORADO SPRI CO #000","$39.32","","$2215.43"
"06/06/2016","VISA","","MCDONALD'S F19476 LITTLETON CO #0000001","$4.80","","$2254.75"
"06/06/2016","VISA","","MCDONALD'S F10217 PALMER LAKE CO #00000","$2.13","","$2259.55"
"06/06/2016","VISA","","TILTED KILT -  COLCOLORADO SPRI CO #000","$57.36","","$2261.68"
"06/06/2016","ACH","","PAYPAL ECHECK 160604","$25.00","","$2319.04"
"06/06/2016","VISA","","UNITED PACIFIC 6532 LITTLETON","$5.80","","$2344.04"
"06/05/2016","VISA","","MCDONALD'S F10217 PALMER LAKE CO #00000","$7.96","","$2349.84"
"06/05/2016","VISA","","STARBUCKS #10316 LLittleton CO #0000001","$9.35","","$2357.80"
"06/05/2016","VISA","","COLORADO MOUNTAIN COLORADO SPRI CO #000","$53.09","","$2367.15"
"06/04/2016","VISA","","CHATFIELD WINE & SLITTLETON CO #0000001","$13.18","","$2420.24"
"06/04/2016","VISA","","UNITED PACIFIC 650MONUMENT CO #00000019","$27.20","","$2433.42"
"06/04/2016","VISA","","STARBUCKS #10316 LLittleton CO #0000001","$9.35","","$2460.62"
"06/04/2016","VISA","","KING SOOPERS 8126 WADSW LITTLETON","$31.12","","$2469.97"
"06/03/2016","ACH","","121 FCU ONLINE PMT 160603","$150.00","","$2501.09"
"06/03/2016","VISA","","TWIN STAR ENERGY LITTLETON","$4.51","","$2651.09"
"06/03/2016","VISA","","KING SOOPERS 11747 W. K LITTLETON","$52.81","","$2655.60"
"06/03/2016","ACH","","BUFFALO WILD WIN PAYROLL 160531~ Tran: A","","$641.04","$2708.41"
"06/02/2016","ATM","","LITTLETON QUINC 7870 WE DENVER","$16.50","","$2067.37"
"06/02/2016","VISA","","Wal-Mart Super Center 1 LITTLETON","$21.48","","$2083.87"
"06/02/2016","VISA","","82 LIQUORS LLC    LITTLETON CO #0000001","$8.37","","$2105.35"
"06/02/2016","ACH","","XCEL ENERGY-PSCO ONLINE PMT 160602","$76.02","","$2113.72"
"06/02/2016","VISA","","7-ELEVEN 9100 W KEN CAR LITTLETON","$9.62","","$2189.74"
"06/01/2016","VISA","","E 470 EXPRESS TOLL303-5373470 CO #00000","$32.95","","$2199.36"
"06/01/2016","VISA","","CORNER STORE 4128 LITTLETON","$4.94","","$2232.31"
"05/31/2016","INTADJUST","","Interest Paid","","$0.09","$2237.25"
"05/31/2016","ATMREBATE","","ATM Fee Rebate","","$13.50","$2237.16"
"05/31/2016","VISA","","UNITED PACIFIC 653LITTLETON CO #0000001","$15.00","","$2223.66"
"05/31/2016","VISA","","STARBUCKS #10316 LLittleton CO #0000001","$9.35","","$2238.66"
"05/31/2016","VISA","","TAMALE KITCHEN 4  LITTLETON CO #0000001","$11.20","","$2248.01"
"05/31/2016","VISA","","CHILIS JAX    1013JACKSONVILLE FL #0000","$20.57","","$2259.21"
"05/31/2016","VISA","","UNITED      016260800-932-2732 TX #0000","$25.00","","$2279.78"
"05/31/2016","VISA","","CORNER STORE 4128 LITTLETON","$4.86","","$2304.78"
"05/31/2016","ACH","","LODE DATA CORPOR PAYROLL ~ Tran: ACHDD","","$1633.40","$2309.64"
"05/31/2016","VISA","","KING SOOPERS 7437 S. SI LITTLETON","$25.86","","$676.24"
"05/31/2016","VISA","","KING SOOPERS 11747 W. K LITTLETON","$77.21","","$702.10"
"05/30/2016","VISA","","CHILI'S JEFFERSON LITTLETON CO #0000001","$33.75","","$779.31"
"05/30/2016","VISA","","Q'S PUB & GRILLE  LITTLETON CO #0000001","$20.52","","$813.06"
"05/30/2016","VISA","","TOP 10 NAILS      ORANGE PARK FL #00000","$75.00","","$833.58"
"05/30/2016","ATM","","LITTLETON 7870 WEST QUI DENVER","$6.50","","$908.58"
"05/30/2016","ATM","","COLORADO CREDIT UNION 8 LITTLETON","$20.00","","$915.08"
"05/29/2016","VISA","","IN *HERO'S PETS INC. 8 LITTLETON","$31.49","","$935.08"
"05/29/2016","VISA","","7-ELEVEN 9100 W KEN CAR LITTLETON","$4.31","","$966.57"
"05/29/2016","VISA","","BEARS CAR WASH    DENVER CO #0000001900","$46.99","","$970.88"
"05/29/2016","VISA","","QDOBA MEXICAN GRILLITTLETON CO #0000001","$10.50","","$1017.87"
"05/29/2016","VISA","","STARBUCKS #10316 LLittleton CO #0000001","$4.67","","$1028.37"
"05/29/2016","VISA","","HMSHOST DIV 051057WASHINGTON DC #000000","$5.41","","$1033.04"
"05/29/2016","VISA","","TAPS BAR AND GRILLFLEMING ISLAN FL #000","$19.57","","$1038.45"
"05/28/2016","VISA","","SHELL Service Station GREEN COVE SP","$11.00","","$1058.02"
"05/28/2016","VISA","","MCDONALD'S F18783 HIGHLANDS RAN CO #000","$5.03","","$1069.02"
"05/28/2016","VISA","","OLD VINE LIQUORS  LITTLETON CO #0000001","$16.28","","$1074.05"
"05/28/2016","VISA","","CHICK-FIL-A #1110 LITTLETON CO #0000001","$6.92","","$1090.33"
"05/28/2016","VISA","","MCDONALD'S F10217 PALMER LAKE CO #00000","$5.44","","$1097.25"
"05/28/2016","VISA","","AMERICAN AIR001028FORT WORTH TX #000000","$25.00","","$1102.69"
"05/27/2016","VISA","","KING SOOPERS 5673S. QUE HIGHLANDS RAN","$8.02","","$1127.69"
"05/27/2016","VISA","","5GUYS 106 REAGAN NARLINGTON DC #0000001","$12.85","","$1135.71"
"05/27/2016","VISA","","CHICK-FIL-A #02774SPRINGFIELD VA #00000","$6.89","","$1148.56"
"05/27/2016","VISA","","CHICK-FIL-A #01431WOODBRIDGE VA #000000","$8.24","","$1155.45"
"05/27/2016","VISA","","CHATFIELD WINE & SLITTLETON CO #0000001","$18.23","","$1163.69"
"05/27/2016","VISA","","UNITED PACIFIC 650MONUMENT CO #00000019","$27.50","","$1181.92"
"05/27/2016","ATM","","VYSTAR CU 2762 BLANDING MIDDLEBURG","$63.00","","$1209.42"
"05/27/2016","VISA","","SHANNON LAKE ENT MIDDLEBURG","$4.26","","$1272.42"
"05/26/2016","VISA","","RED ROBIN NO 116  WOODBRIDGE VA #000000","$17.97","","$1276.68"
"05/26/2016","VISA","","METRO 095-FRNCNIA-ALEXANDRIA VA #000000","$8.00","","$1294.65"
"05/26/2016","VISA","","GOOGNFC* MICRO CENMountain View CA #000","$13.97","","$1302.65"
"05/26/2016","VISA","","7-ELEVEN 9100 W KEN CAR LITTLETON","$10.13","","$1316.62"
"05/25/2016","VISA","","AAFES 9600 POHICK ROAD FORT BELVOIR","$23.62","","$1326.75"
"05/25/2016","VISA","","CHIPOTLE 1528     GREENWOOD VIL CO #000","$9.06","","$1350.37"
"05/25/2016","VISA","","AMERICAN AIR001028FORT WORTH TX #000000","$25.00","","$1359.43"
"05/25/2016","VISA","","WENDYS #5474      LITTLETON CO #0000001","$8.07","","$1384.43"
"05/25/2016","VISA","","Amazon.com        AMZN.COM/BILL WA #000","$17.75","","$1392.50"
"05/24/2016","VISA","","MCDONALD'S F13570 DENVER CO #0000001900","$5.62","","$1410.25"
"05/24/2016","VISA","","BURGER KING #8633 CHARLOTTE NC #0000001","$9.73","","$1415.87"
"05/24/2016","VISA","","STARBUCKS #17563 EEnglewood CO #0000001","$4.67","","$1425.60"
"05/24/2016","VISA","","WENDYS #5474      LITTLETON CO #0000001","$7.55","","$1430.27"
"05/24/2016","ACH","","AT&T MOBILITY ONLINE PMT 160524","$178.11","","$1437.82"
"05/23/2016","VISA","","HOOTERS PARKER ROAAURORA CO #0000001901","$32.60","","$1615.93"
"05/23/2016","VISA","","LOVES SHACK POOL &DENVER CO #0000001900","$15.00","","$1648.53"
"05/23/2016","VISA","","LOVES SHACK POOL &DENVER CO #0000001900","$16.00","","$1663.53"
"05/23/2016","VISA","","LOVES SHACK POOL &DENVER CO #0000001900","$23.00","","$1679.53"
"05/23/2016","VISA","","LOVES SHACK POOL &DENVER CO #0000001900","$26.00","","$1702.53"
"05/23/2016","VISA","","TSE 7-ELEVEN 737  LITTLETON CO #0000001","$32.01","","$1728.53"
"05/23/2016","VISA","","MCDONALD'S F19476 LITTLETON CO #0000001","$6.60","","$1760.54"
"05/23/2016","VISA","","MCDONALD'S F6444  WESTMINSTER CO #00000","$6.05","","$1767.14"
"05/23/2016","VISA","","STARBUCKS #05804 LLittleton CO #0000001","$11.55","","$1773.19"
"05/23/2016","VISA","","GOOGNFC* CORNER STDENVER CO #0000001900","$4.86","","$1784.74"
"05/23/2016","VISA","","JIMMY JOHN'S # 905DENVER CO #0000001900","$10.22","","$1789.60"
"05/22/2016","VISA","","KING SOOPERS 8126 WADSW LITTLETON","$28.79","","$1799.82"
"05/22/2016","VISA","","E 470 EXPRESS TOLL303-5373470 CO #00000","$31.05","","$1828.61"
"05/22/2016","VISA","","MCDONALD'S F19476 LITTLETON CO #0000001","$7.55","","$1859.66"
"05/22/2016","VISA","","CHICK-FIL-A #02605LAKEWOOD CO #00000019","$4.95","","$1867.21"
"05/21/2016","VISA","","Wal-Mart Super Center 5 LITTLETON","$57.58","","$1872.16"
"05/21/2016","VISA","","NOODLES & CO WEB 1olo.com CO #000000190","$17.91","","$1929.74"
"05/21/2016","VISA","","GREEN VALLEY RANCHDENVER CO #0000001900","$26.68","","$1947.65"
"05/20/2016","VISA","","KING SOOPERS 11747 W. K LITTLETON","$11.84","","$1974.33"
"05/20/2016","VISA","","SPIRITS OF PINEY CCENTENNIAL CO #000000","$15.53","","$1986.17"
"05/20/2016","VISA","","TAMALE KITCHEN 4  LITTLETON CO #0000001","$9.20","","$2001.70"
"05/20/2016","VISA","","STARBUCKS #10316 LLittleton CO #0000001","$9.35","","$2010.90"
"05/20/2016","ACH","","BUFFALO WILD WIN PAYROLL 160517~ Tran: A","","$1120.62","$2020.25"
"05/19/2016","VISA","","STATE FARM        800-956-6310 IL #0000","$133.64","","$899.63"
"05/19/2016","ACH","","PAYPAL INST XFER 160518","$13.00","","$1033.27"
"05/18/2016","ATM","","PUBLIC SERVICE 5944 S K LITTLETON","$23.00","","$1046.27"
"05/18/2016","VISA","","TSE JENNYSMARKET 5LITTLETON CO #0000001","$25.73","","$1069.27"
"05/18/2016","VISA","","7-ELEVEN 9100 W KEN CAR LITTLETON","$40.65","","$1095.00"
"05/18/2016","ACH","","SYNCHRONY BANK ONLINE PMT 160518","$70.00","","$1135.65"
"05/17/2016","VISA","","KING SOOPERS 8126 WADSW LITTLETON","$4.32","","$1205.65"
"05/17/2016","ACH","","SECURITY SVC FCU ONLINE PMT 160517","$555.89","","$1209.97"
"05/17/2016","ACH","","CAPITAL ONE CARD ONLINE PMT 160517","$100.00","","$1765.86"
"05/16/2016","VISA","","MCDONALD'S F10576 WOODLAND PARK CO #000","$3.20","","$1865.86"
"05/16/2016","VISA","","AJ'S PIZZERIA     WOODLAND PARK CO #000","$13.58","","$1869.06"
"05/16/2016","VISA","","BAD DADDY'S BURGERLITTLETON CO #0000001","$28.51","","$1882.64"
"05/16/2016","VISA","","WENDY'S 4531      FOUNTAIN CO #00000019","$5.17","","$1911.15"
"05/16/2016","VISA","","24HOUR FITNESS USA800-432-6348 CA #0000","$62.98","","$1916.32"
"05/16/2016","VISA","","7-ELEVEN 9100 W KEN CAR LITTLETON","$8.61","","$1979.30"
"05/16/2016","ATM","","JOIS LLC 3700 W QUINCY DENVER","$23.00","","$1987.91"
"05/15/2016","VISA","","LOAF N'JUG MINI 519 W H WOODLAND PARK","$21.06","","$2010.91"
"05/15/2016","ATM","","PARK STATE BANK & TRUS WOODLAND PARK","$20.00","","$2031.97"
"05/15/2016","VISA","","MCDONALD'S F10576 WOODLAND PARK CO #000","$4.58","","$2051.97"
"05/15/2016","VISA","","SHINING MOUNTAIN RWOODLAND PARK CO #000","$4.00","","$2056.55"
"05/14/2016","VISA","","Wal-Mart Super Center 1 LITTLETON","$21.03","","$2060.55"
"05/14/2016","VISA","","MCDONALD'S F21028 LITTLETON CO #0000001","$7.64","","$2081.58"
"05/14/2016","VISA","","COLUMBINE ANIMAL HLITTLETON CO #0000001","$485.10","","$2089.22"
"05/14/2016","VISA","","THE THIRSTY BEAR  LAKEWOOD CO #00000019","$49.46","","$2574.32"
"05/14/2016","VISA","","AB PETROLEUM #23  LAKEWOOD CO #00000019","$9.46","","$2623.78"
"05/14/2016","VISA","","7-ELEVEN 9100 W KEN CAR LITTLETON","$8.61","","$2633.24"
"05/14/2016","VISA","","ALTA CONVENIENCE 6006 4 WOODLAND PARK","$19.04","","$2641.85"
"05/13/2016","VISA","","KING SOOPERS 7437 S. SI LITTLETON","$15.00","","$2660.89"
"05/13/2016","VISA","","KING SOOPERS 8126 WADSW LITTLETON","$68.01","","$2675.89"
"05/13/2016","VISA","","WAL-MART #5049 13420 CO LITTLETON","$33.51","","$2743.90"
"05/13/2016","ACH","","COMCAST ONLINE PMT 160513","$126.73","","$2777.41"
"05/13/2016","ACH","","LODE DATA CORPOR PAYROLL ~ Tran: ACHDD","","$1633.41","$2904.14"
"05/12/2016","ATM","","COLORADO CREDIT UNION 8 LITTLETON","$80.00","","$1270.73"
"05/12/2016","VISA","","SOUTHERN HOSPITALILONE TREE CO #0000001","$45.33","","$1350.73"
"05/12/2016","VISA","","7-ELEVEN 9100 W KEN CAR LITTLETON","$8.61","","$1396.06"
"05/11/2016","VISA","","7-ELEVEN 9100 W KEN CAR LITTLETON","$4.31","","$1404.67"
"05/11/2016","VISA","","IN *HERO'S PETS INC. 8 LITTLETON","$22.05","","$1408.98"
"05/10/2016","VISA","","IN *HERO'S PETS INC. 8 LITTLETON","$42.41","","$1431.03"
"05/10/2016","VISA","","KING SOOPERS #0625LITTLETON CO #0000001","$21.61","","$1473.44"
"05/10/2016","VISA","","KING SOOPERS 8126 WADSW LITTLETON","$23.54","","$1495.05"
"05/10/2016","VISA","","KING SOOPERS 11747 W. K LITTLETON","$35.36","","$1518.59"
"05/09/2016","VISA","","BURGER KING #13484LITTLETON CO #0000001","$7.53","","$1553.95"
"05/09/2016","VISA","","TAMALE KITCHEN 4  LITTLETON CO #0000001","$7.36","","$1561.48"
"05/09/2016","VISA","","BUFFALO WILD WINGSLAKEWOOD CO #00000019","$20.98","","$1568.84"
"05/09/2016","VISA","","OLDE TOWN TAVERN AARVADA CO #0000001900","$27.40","","$1589.82"
"05/09/2016","VISA","","STARBUCKS #10316 LLittleton CO #0000001","$4.67","","$1617.22"
"05/08/2016","VISA","","FIREHOUSE SUBS #88LITTLETON CO #0000001","$6.80","","$1621.89"
"05/08/2016","VISA","","GOOGNFC* BABIES R LITTLETON CO #0000001","$14.02","","$1628.69"
"05/08/2016","VISA","","WENDYS #5474      LITTLETON CO #0000001","$6.92","","$1642.71"
"05/07/2016","VISA","","7-ELEVEN 7355 RALSTON R ARVADA","$7.26","","$1649.63"
"05/07/2016","VISA","","HOOTERS LONE TREE LONE TREE CO #0000001","$25.00","","$1656.89"
"05/07/2016","VISA","","MCDONALD'S F19476 LITTLETON CO #0000001","$4.72","","$1681.89"
"05/07/2016","VISA","","CHICK-FIL-A #1110 LITTLETON CO #0000001","$16.33","","$1686.61"
"05/06/2016","VISA","","Wal-Mart Super Center 5 LITTLETON","$33.13","","$1702.94"
"05/06/2016","VISA","","BUFFALO WILD WINGSLAKEWOOD CO #00000019","$24.62","","$1736.07"
"05/06/2016","ACH","","BUFFALO WILD WIN PAYROLL 160503~ Tran: A","","$889.22","$1760.69"
"05/06/2016","VISA","","KING SOOPERS 8126 WADSW LITTLETON","$76.18","","$871.47"
"05/05/2016","VISA","","Wal-Mart Super Center 5 LITTLETON","$9.24","","$947.65"
"05/05/2016","VISA","","KING SOOPERS 11747 W. K LITTLETON","$21.72","","$956.89"
"05/05/2016","VISA","","TAMALE KITCHEN 4  LITTLETON CO #0000001","$14.71","","$978.61"
"05/05/2016","VISA","","CHATFIELD WINE & SLITTLETON CO #0000001","$12.78","","$993.32"
"05/05/2016","VISA","","LOS DOS POTRILLOS LITTLETON CO #0000001","$57.59","","$1006.10"
"05/05/2016","CHECK","","Check Paid #1422","$1250.00","","$1063.69"
"05/04/2016","VISA","","KING SOOPERS 7437 S. SI LITTLETON","$25.27","","$2313.69"
"05/04/2016","VISA","","PLATTE RIVER BAR &LITTLETON CO #0000001","$24.07","","$2338.96"
"05/04/2016","VISA","","7-ELEVEN 9100 W KEN CAR LITTLETON","$40.65","","$2363.03"
"05/03/2016","VISA","","CHATFIELD WINE & SLITTLETON CO #0000001","$12.78","","$2403.68"
"05/03/2016","ACH","","121 FCU ONLINE PMT 160503","$150.00","","$2416.46"
"05/02/2016","ATM","","FirstBank 101 WEST COUN LITTLETON","$123.00","","$2566.46"
"05/02/2016","VISA","","BURGER KING #13484LITTLETON CO #0000001","$16.65","","$2689.46"
"05/02/2016","VISA","","TAMALE KITCHEN 4  LITTLETON CO #0000001","$7.36","","$2706.11"
"05/02/2016","VISA","","BUFFALO WILD WINGSLAKEWOOD CO #00000019","$28.65","","$2713.47"
"05/02/2016","VISA","","STARBUCKS #10316 LLittleton CO #0000001","$2.57","","$2742.12"
"05/02/2016","CHECK","","Check Paid #1425","$20.70","","$2744.69"
"05/02/2016","ACH","","PAYPAL ECHECK 160430","$125.00","","$2765.39"
"04/30/2016","TRANSFER","","Transfer to Regular Savings -7737","$73.79","","$2890.39"
"04/30/2016","VISA","","UNITED PACIFIC 6 DENVER","$29.21","","$2964.18"
"04/29/2016","INTADJUST","","Interest Paid","","$0.09","$2993.39"
"04/29/2016","ACH","","XCEL ENERGY-PSCO ONLINE PMT 160429","$80.64","","$2993.30"
"04/29/2016","ACH","","LODE DATA CORPOR PAYROLL ~ Tran: ACHDD","","$1821.47","$3073.94"
"04/27/2016","VISA","","SQ *GEORGETOWN BARGeorgetown TX #000000","$20.25","","$1252.47"
"04/27/2016","VISA","","MCDONALD'S F19476 LITTLETON CO #0000001","$12.45","","$1272.72"
"04/27/2016","VISA","","KING SOOPERS 8126 WADSW LITTLETON","$10.09","","$1285.17"
"04/27/2016","VISA","","Wal-Mart Super Center 1 GEORGETOWN","$11.65","","$1295.26"
"04/26/2016","ATM","","COLORADO CREDIT UNION 8 LITTLETON","$160.00","","$1306.91"
"04/26/2016","VISA","","THAI BASIL OF KEN LITTLETON CO #0000001","$30.47","","$1466.91"
"04/26/2016","VISA","","CHATFIELD WINE & SLITTLETON CO #0000001","$25.79","","$1497.38"
"04/25/2016","DEPOSIT","","Deposit Mobile Banking","","$100.00","$1523.17"
"04/25/2016","VISA","","CHICK-FIL-A #1110 LITTLETON CO #0000001","$13.68","","$1423.17"
"04/25/2016","VISA","","STARBUCKS #10316 LLittleton CO #0000001","$9.35","","$1436.85"
"04/25/2016","VISA","","7-ELEVEN 9100 W KEN CAR LITTLETON","$40.65","","$1446.20"
"04/24/2016","VISA","","KING SOOPERS 8126 WADSW LITTLETON","$15.75","","$1486.85"
"04/24/2016","VISA","","MCDONALD'S F20480 LITTLETON CO #0000001","$5.53","","$1502.60"
"04/24/2016","VISA","","NONOS CAFE        LITTLETON CO #0000001","$58.10","","$1508.13"
"04/24/2016","VISA","","Wal-Mart Super Center 5 LITTLETON","$65.23","","$1566.23"
"04/23/2016","VISA","","FIVE GUYS-CO # 110LONE TREE CO #0000001","$23.75","","$1631.46"
"04/23/2016","VISA","","CHICK-FIL-A #1110 LITTLETON CO #0000001","$7.39","","$1655.21"
"04/23/2016","VISA","","CORNER STORE 1141 LITTLETON CO #0000001","$4.86","","$1662.60"
"04/23/2016","VISA","","THE DAM GRILL     DENVER CO #0000001900","$38.40","","$1667.46"
"04/23/2016","VISA","","TWIN STAR ENERGY LLITTLETON CO #0000001","$29.00","","$1705.86"
"04/22/2016","VISA","","QDOBA MEXICAN GRILLITTLETON CO #0000001","$10.19","","$1734.86"
"04/22/2016","VISA","","BUFFALO WILD WINGSLAKEWOOD CO #00000019","$49.39","","$1745.05"
"04/22/2016","ACH","","AT&T MOBILITY ONLINE PMT 160422","$256.13","","$1794.44"
"04/22/2016","ACH","","BUFFALO WILD WIN PAYROLL 160419~ Tran: A","","$1119.17","$2050.57"
"04/21/2016","VISA","","KING SOOPERS 8126 WADSW LITTLETON","$57.34","","$931.40"
"04/20/2016","VISA","","ROBERTS ITALIAN RELITTLETON CO #0000001","$38.69","","$988.74"
"04/20/2016","VISA","","HIGH PLAINS TAP HOLITTLETON CO #0000001","$55.55","","$1027.43"
"04/20/2016","VISA","","STATE FARM        800-956-6310 IL #0000","$133.64","","$1082.98"
"04/19/2016","VISA","","CHATFIELD WINE & SLITTLETON CO #0000001","$6.27","","$1216.62"
"04/18/2016","DEPOSIT","","Deposit Mobile Banking","","$93.07","$1222.89"
"04/18/2016","VISA","","CHATFIELD WINE & SLITTLETON CO #0000001","$24.84","","$1129.82"
"04/18/2016","VISA","","STARBUCKS #05342 LLittleton CO #0000001","$4.67","","$1154.66"
"04/18/2016","VISA","","PINON FAMILY PRACTLITTLETON CO #0000001","$25.00","","$1159.33"
"04/18/2016","ACH","","SYNCHRONY BANK ONLINE PMT 160418","$200.00","","$1184.33"
"04/16/2016","VISA","","KING SOOPERS 8126 WADSW LITTLETON","$67.27","","$1384.33"
"04/16/2016","VISA","","7-ELEVEN 9100 W KEN CAR LITTLETON","$40.65","","$1451.60"
"04/16/2016","VISA","","ARBY'S #7483      LITTLETON CO #0000001","$16.96","","$1492.25"
"04/16/2016","VISA","","MCDONALD'S F6441  CASTLE ROCK CO #00000","$6.12","","$1509.21"
"04/16/2016","VISA","","24HOUR FITNESS USA800-432-6348 CA #0000","$62.98","","$1515.33"
"04/16/2016","VISA","","KING SOOPERS 8126 WADSW LITTLETON","$15.00","","$1578.31"
"04/15/2016","VISA","","KING SOOPERS 8126 WADSW LITTLETON","$36.73","","$1593.31"
"04/15/2016","VISA","","NOODLES & CO WEB 1olo.com CO #000000190","$7.95","","$1630.04"
"04/15/2016","VISA","","YOGI BEARS JELLYSTLARKSPUR CO #00000019","$10.00","","$1637.99"
"04/15/2016","VISA","","BUFFALO WILD WINGSLAKEWOOD CO #00000019","$29.03","","$1647.99"
"04/15/2016","VISA","","IN *HERO'S PETS INC. 8 LITTLETON","$26.24","","$1677.02"
"04/15/2016","ACH","","SECURITY SVC FCU ONLINE PMT 160415","$555.89","","$1703.26"
"04/15/2016","ACH","","CAPITAL ONE CARD ONLINE PMT 160415","$350.00","","$2259.15"
"04/15/2016","ACH","","LODE DATA CORPOR PAYROLL ~ Tran: ACHDD","","$1633.41","$2609.15"
"04/14/2016","VISA","","MCDONALD'S F21028 LITTLETON CO #0000001","$5.24","","$975.74"
"04/14/2016","VISA","","BIG O TIRES       LITTLETON CO #0000001","$28.81","","$980.98"
"04/14/2016","VISA","","THE MORRISON INN  MORRISON CO #00000019","$64.90","","$1009.79"
"04/14/2016","VISA","","BUFFALO WILD WINGSLAKEWOOD CO #00000019","$21.13","","$1074.69"
"04/14/2016","VISA","","BUFFALO WILD WINGSLAKEWOOD CO #00000019","$7.38","","$1095.82"
"04/14/2016","VISA","","HOSE DOWN CAR WASHLITTLETON CO #0000001","$8.00","","$1103.20"
"04/13/2016","VISA","","Wal-Mart Super Center 5 LITTLETON","$98.37","","$1111.20"
"04/13/2016","VISA","","BEARS CAR WASH    DENVER CO #0000001900","$162.27","","$1209.57"
"04/13/2016","VISA","","WALGREENS 7443 W CHATFI LITTLETON","$2.09","","$1371.84"
"04/13/2016","VISA","","TAMALE KITCHEN 4  LITTLETON CO #0000001","$12.19","","$1373.93"
"04/13/2016","VISA","","KING SOOPERS 7437 S. SI LITTLETON","$21.90","","$1386.12"
"04/13/2016","VISA","","PARTY CITY 7735 W Long Littleton","$29.21","","$1408.02"
"04/13/2016","VISA","","WALGREENS 7443 W CHATFI LITTLETON","$3.14","","$1437.23"
"04/12/2016","VISA","","OREILLY AUTO PARTS 3787 LITTLETON","$6.91","","$1440.37"
"04/12/2016","VISA","","BUFFALO WILD WINGSLAKEWOOD CO #00000019","$22.46","","$1447.28"
"04/12/2016","VISA","","STARBUCKS #10316 LLittleton CO #0000001","$9.35","","$1469.74"
"04/12/2016","ACH","","COMCAST ONLINE PMT 160412","$184.72","","$1479.09"
"04/11/2016","VISA","","KING SOOPERS 8126 WADSW LITTLETON","$8.54","","$1663.81"
"04/11/2016","VISA","","CHIPOTLE 0069     FEDERAL HEIGH CO #000","$16.53","","$1672.35"
"04/11/2016","VISA","","MCDONALD'S F21028 LITTLETON CO #0000001","$6.29","","$1688.88"
"04/11/2016","VISA","","CHATFIELD WINE & SLITTLETON CO #0000001","$18.55","","$1695.17"
"04/11/2016","VISA","","WALGREENS #6213   FEDERAL HEIGH CO #000","$4.63","","$1713.72"
"04/11/2016","TRANSFER","","Funds Transfer from Brokerage -6557","","$54.44","$1718.35"
"04/11/2016","ACH","","PAYPAL ECHECK 160409","$48.16","","$1663.91"
"04/10/2016","VISA","","STARBUCKS #05342 LLittleton CO #0000001","$4.67","","$1712.07"
"04/10/2016","VISA","","SQ *BIG DADDY BAGEBoulder CO #000000190","$10.10","","$1716.74"
"04/09/2016","VISA","","7-ELEVEN 4096 S FEDERAL SHERIDAN","$40.65","","$1726.84"
"04/09/2016","VISA","","PANERA BREAD #3072LONE TREE CO #0000001","$7.79","","$1767.49"
"04/09/2016","VISA","","TSE 7-ELEVEN 737  LITTLETON CO #0000001","$29.00","","$1775.28"
"04/09/2016","VISA","","TARGET T-1776 9390 W Cr Littleton","$46.28","","$1804.28"
"04/09/2016","TRANSFER","","Transfer to Regular Savings -7737","$114.64","","$1850.56"
"04/08/2016","VISA","","CHATFIELD WINE & SLITTLETON CO #0000001","$7.34","","$1965.20"
"04/08/2016","TRANSFER","","Funds Transfer to Brokerage -6557","$53.44","","$1972.54"
"04/08/2016","ACH","","BUFFALO WILD WIN PAYROLL 160405~ Tran: A","","$1068.71","$2025.98"
"04/07/2016","VISA","","KING SOOPERS 8126 WADSW LITTLETON","$93.82","","$957.27"
"04/07/2016","VISA","","CHATFIELD WINE & SLITTLETON CO #0000001","$19.07","","$1051.09"
"04/07/2016","VISA","","TSE JENNYSMARKET 5LITTLETON CO #0000001","$22.33","","$1070.16"
"04/07/2016","VISA","","TEXAS ROADHOUSE 21303-932-7427 CO #0000","$68.54","","$1092.49"
"04/07/2016","VISA","","SEARS ROEBUCK   1271 85 LITTLETON","$42.56","","$1161.03"
"04/07/2016","VISA","","REI #50 LAKEWOOD 5375 S LAKEWOOD","$17.67","","$1203.59"
"04/06/2016","VISA","","THE SUNSET GRILLE CENTENNIAL CO #000000","$7.00","","$1221.26"
"04/06/2016","TRANSFER","","Transfer to Regular Savings -7737","$981.11","","$1228.26"
"04/06/2016","CHECK","","Check Paid #1421","$1250.00","","$2209.37"
"04/05/2016","VISA","","7-ELEVEN 2299 HAVANA ST AURORA","$7.30","","$3459.37"
"04/04/2016","TRANSFER","","Transfer to Regular Savings -7737","$200.00","","$3466.67"
"04/04/2016","VISA","","AMAZON.COM SEATTLE","$15.66","","$3666.67"
"04/04/2016","VISA","","KING SOOPERS 11747 W. K LITTLETON","$22.44","","$3682.33"
"04/04/2016","ACH","","XCEL ENERGY-PSCO ONLINE PMT 160404","$78.36","","$3704.77"
"04/03/2016","VISA","","CORNER STORE 1140 AURORA","$24.08","","$3783.13"
"04/02/2016","VISA","","GAUCHOS STEAK HOUSPANAMA    #0000001900","$88.50","","$3807.21"
"04/02/2016","VISA","","MUELLE NORTE      TOCUMEN    #000000190","$34.00","","$3895.71"
"04/01/2016","VISA","","Wal-Mart Super Center 1 LITTLETON","$41.75","","$3929.71"
"04/01/2016","VISA","","ISTMO BREW PUB    PANAMA    #0000001900","$48.95","","$3971.46"
"04/01/2016","ACH","","121 FCU ONLINE PMT 160401","$150.00","","$4020.41"
"03/31/2016","INTADJUST","","Interest Paid","","$0.10","$4170.41"
"03/31/2016","ATMREBATE","","ATM Fee Rebate","","$8.00","$4170.31"
"03/31/2016","VISA","","ISTMO BREW PUB    PANAMA    #0000001900","$59.14","","$4162.31"
"03/31/2016","VISA","","7-ELEVEN 9100 W KEN CAR LITTLETON","$40.65","","$4221.45"
"03/31/2016","ACH","","LODE DATA CORPOR PAYROLL ~ Tran: ACHDD","","$1947.16","$4262.10"
"03/31/2016","ACH","","LODE DATA CORPOR PAYROLL ~ Tran: ACHDD","","$1128.64","$2314.94"
"03/30/2016","ATM","","BG/9195/CW VIA ESPANA BELLA VISTA","$104.00","","$1186.30"
"03/30/2016","VISA","","BROOS & BEER      PANAMA    #0000001900","$39.70","","$1290.30"
"03/29/2016","VISA","","KING SOOPERS 8126 WADSW LITTLETON","$54.90","","$1330.00"
"03/29/2016","VISA","","GOOGNFC* SKECHERS LONETREE CO #00000019","$74.77","","$1384.90"
